3014 4876
219 311 259 376 78
555 301 626 360 PRO
646 307 700 358 CN.
719 304 879 358 PLANCIO
898 303 1044 356 ORATIO.

217 482 278 524 non
306 460 397 533 nulll;
427 469 456 522 at
483 460 573 522 valuit
601 459 786 527 assiduitate,
811 456 900 517 valuit
929 455 1122 516 observandis
1152 456 1269 524 amIcIs,
1299 457 1388 518 valuit
1486 445 1487 494 l

216 547 411 617 liberalitate;
449 546 503 606 luit
537 548 569 605 in
602 542 711 611 oculis:
749 542 865 620 petivit;
901 559 935 602 eu
965 547 1009 601 est
1043 558 1115 601 usus
1147 543 1263 602 ratione
1296 543 1386 610 vitae,
1486 565 1487 628 3

217 650 273 710 qua
301 631 423 691 minima
455 629 565 691 invidia
593 629 662 688 novi
690 625 824 687 homines
856 624 979 704 plurimi
1013 631 1083 685 sunt
1110 624 1388 686 eosdemhonotes
1486 693 1487 698 η

216 717 377 776 consecuti.
1486 719 1487 724 ’

302 798 427 860 XXVIII.
471 797 543 858 Nam
567 795 646 875 quod
670 797 729 865 ais,
759 795 856 864 Cassi,
885 811 945 852 non
973 792 1040 872 plus
1062 809 1110 852 me
1132 790 1252 854 Plancio
1276 792 1423 854 deberes
1486 791 1487 832 ἕ

217 902 304 963 quam
329 883 416 942 bonis
443 881 596 950 omnihus,
629 879 708 960 quod
736 880 773 939 iis
802 895 896 954 aeque
919 893 983 936 mea
1006 875 1084 936 salus
1107 894 1174 936 cara
1197 879 1302 946 fuerit,
1333 896 1387 956 ego
1486 883 1487 930 ἰ

216 985 262 1028 me
286 965 396 1027 debere
419 965 505 1026 honis
528 963 666 1025 omnibus
687 965 792 1024 fateor.
827 961 885 1023 Sed
908 961 995 1022 etlam
1018 961 1048 1030 ii,
1072 959 1181 1038 quibus
1204 978 1260 1040 ego
1283 961 1387 1031 debeo,
1486 1015 1487 1032 ,

215 1051 285 1112 honi
309 1051 365 1110 viri
388 1056 418 1109 et
441 1051 518 1109 cives
541 1049 670 1109 comitiis
693 1046 840 1109 aediliciis
862 1044 973 1124 aliquid
995 1063 1027 1106 se
1049 1063 1117 1106 meo
1133 1047 1253 1106 nomine
1268 1045 1388 1107 Plancio
1486 1047 1487 1100 t

214 1134 325 1196 debere
347 1133 496 1194 dicebant.
540 1133 650 1192 Verum
682 1132 727 1192 lac
756 1149 803 1190 mc
830 1128 933 1191 multis
962 1128 1072 1189 debere
1094 1131 1175 1189 etin
1198 1131 1234 1189 iis
1256 1128 1387 1190 Plancio.
1486 1149 1487 1170 ¹

214 1221 320 1282 Utrum
349 1219 439 1296 igitur
468 1235 516 1276 me
544 1214 724 1276 conturbare
757 1220 874 1293 oportet
907 1231 944 1273 an
979 1215 1103 1283 ceteris,
1126 1207 1210 1274 ·c'um
1244 1215 1387 1293 cuiusque
1407 1225 1440 1274 10

217 1303 280 1364 dies
303 1302 432 1370 venerit,
461 1301 517 1360 hoc
545 1317 653 1360 nomen
682 1299 761 1379 quod
789 1304 874 1375 urget
900 1314 996 1366 nunc,
1032 1316 1100 1358 cum
1128 1298 1254 1376 petitur,
1284 1298 1387 1359 dissol-

164 801 205 866 68

213 1565 425 1632 Kriegsdienst,
453 1565 512 1617 dem
546 1581 576 1615 er
607 1565 665 1616 sich
697 1563 774 1615 nicht

214 1633 359 1686 entziehen
379 1633 479 1684 durite.

247 1701 424 1765 necessitate,
458 1699 488 1750 in
519 1698 690 1752 Geschiften
725 1698 773 1750 der

213 1766 525 1834 Handelsgesellschaft,
563 1767 614 1819 wis
648 1766 688 1820 sie
716 1767 771 1817 ihm

213 1853 275 1888 vom
295 1835 379 1887 Vater
397 1833 534 1900 aulerlegt
551 1852 654 1888 everen.

248 1905 303 1957 reb.
322 1904 389 1955 iisd.
406 1925 440 1944 =
457 1901 622 1970 eloquentia,
640 1901 706 1954 iuris
723 1919 771 1970 pe-

213 1970 286 2026 ritia.
322 1973 345 2033 §-
364 1973 406 2021 62.

261 2044 368 2089 ortasse
379 2053 436 2087 non
449 2037 533 2102 nulli,
545 2036 590 2088 ein
604 2037 771 2088 versteckter

212 2105 284 2156 Hreb
306 2103 358 2155 111
376 2103 429 2154 den
448 2104 571 2169 Gegner,
594 2103 642 2154 der
664 2103 691 2154 11
711 2102 771 2156 dem

213 2172 331 2225 fortasse
349 2170 423 2222 scine
441 2170 630 2225 8111111111.

248 2245 272 2290 1.
304 2239 474 2304 assiduitas,
516 2237 563 2289 das
599 2236 770 2289 beharrliche

174 2321 181 2332 ·
211 2305 370 2357 Verlsehren
394 2321 444 2357 vor
466 2304 524 2356 dem
548 2305 631 2369 Volk,
654 2303 702 2356 das
721 2304 770 2356 ha-

212 2373 301 2424 bitare
317 2373 347 2423 in
366 2388 417 2435 oc„
436 2370 501 2423 oder
517 2388 576 2424 esse
593 2371 622 2422 in
642 2388 696 2436 oc.,
714 2387 770 2424 was

213 2457 267 2492 von
285 2439 336 2491 den
356 2437 510 2490 candidatis
527 2438 655 2504 verlangt
667 2438 786 2506 surde,-

214 2523 247 2559 ne
264 2505 294 2558 in
314 2505 449 2559 oblivione
465 2505 596 2557 iacerent.
627 2506 718 2572 Vergl.
734 2507 769 2569 Q.

213 2573 271 2626 Cic.
293 2573 326 2625 de
352 2575 412 2625 Pet.
437 2573 469 2626 C.
492 2578 535 2624 11:
562 2571 705 2627 dicendum
729 2581 770 2625 est

212 2640 245 2692 de
268 2640 356 2721 altera
374 2638 516 2720 petitionis
534 2647 627 2708 purte,
652 2641 770 2724 quaein

212 2707 579 2838 itltitttit‘titttt}
581 2707 770 2840 11111111

213 2842 414 2909 assiduitatem,
433 2842 495 2894 beni
517 2841 630 2895 nitatem
648 2849 700 2895 cet.
719 2860 770 2910 pro

212 2910 285 2967 Mur.
315 2915 345 2975 9,
379 2915 410 2962 21
440 2859 608 2962 assiduitatis
633 2937 664 2948 —
687 2917 770 2978 putat

212 2995 270 3031 esse
288 2977 472 3030 consulatum.
489 2977 518 3028 in
538 2977 616 3029 Verr.
637 2982 662 3044 2,
684 2985 709 3043 1,
727 2983 770 3042 39,

212 3049 260 3099 101
279 3045 440 3097 assiduitate
459 3043 586 3112 (praetor
603 3053 645 3097 est
656 3045 769 3110 fectus).

245 3117 269 3167 2,
289 3113 467 3177 liberalitate,
486 3111 543 3164 cie.
559 3111 594 3163 de
608 3111 664 3168 off.
683 3117 707 3175 1,
729 3116 768 3178 14,

210 3185 258 3243 43,
288 3179 449 3232 bezeichnet
482 3177 525 3230 die
555 3179 770 3246 ureigebigkeic,

210 3247 313 3298 welche
332 3246 414 3299 111111
432 3246 581 3314 empliehlt,
601 3263 669 3313 quae
682 3247 771 3313 prosit

212 3313 318 3379 amicis,
342 3321 443 3367 noceat
460 3312 569 3371 nemini.
593 3313 679 3382 vergl.
700 3314 769 3366 auch

211 3379 329 3433 daselbst
346 3385 371 3446 S.
388 3386 431 3433 44.

245 3452 269 3500 c.
289 3451 362 3514 quod
380 3449 433 3499 ais.
469 3448 501 3499 Z.
519 3452 616 3512 §.dii

245 3519 269 3566 8.
287 3532 344 3565 mec
366 3516 489 3580 nemine,
513 3514 575 3566 weil
596 3532 626 3567 er
650 3515 720 3567 mich
739 3515 768 3568 in

211 3580 259 3633 der
276 3581 468 3648 Verbannung
485 3582 620 3650 gepfiegt.

245 3654 270 3702 9.
288 3651 344 3714 fac.
376 3647 409 3700 Z.
428 3653 453 3712 §.
473 3652 531 3704 618.
552 3650 631 3702 Anm.
652 3654 699 3704 1.·

828 1580 899 1615 nom.
921 1565 995 1629 quud
1012 1570 1093 1628 urqct
1114 1561 1151 1614 ist
1168 1563 1217 1615 der
1234 1562 1390 1630 dringende

827 1631 929 1682 Posten
955 1629 1056 1682 meiner
1077 1629 1194 1698 Schuld,
1219 1630 1320 1682 welche
1341 1631 1388 1684 ich

1486 1207 1487 1248 1

115 1411 118 1416 ·
215 1386 303 1468 vesei
348 1381 773 1464 QuamquamdissimiIisest
800 1381 1274 1461 1111111111111111111111111.
1312 1383 1388 1444 Nam

1486 1525 1487 1560 l

826 1698 886 1750 dem
911 1696 1045 1748 Plancius
1062 1696 1182 1750 schalde,
1218 1697 1270 1750 hoc
1289 1716 1388 1752 nomen
1486 1711 1487 1756 l

825 1789 860 1809 =
878 1781 976 1816 nomen
995 1763 1074 1815 huius
1090 1764 1209 1820 Plancii.
1240 1765 1295 1817 Der
1312 1766 1387 1819 Sinn

826 1831 875 1886 ist:
906 1830 966 1884 Soll
995 1831 1040 1882 ich
1072 1831 1143 1883 mich
1172 1831 1218 1884 fiir
1246 1833 1388 1887 insolvent

826 1899 963 1964 erkliren,
982 1897 1046 1950 oder
1063 1898 1116 1950 den
1129 1899 1243 1951 Andern
1261 1916 1297 1952 zu
1310 1901 1389 1954 ihrer
1486 1919 1487 1964 t

827 1967 900 2028 Zeit,
917 1966 977 2018 dem
990 1965 1121 2017 Plancius
1138 1967 1234 2019 seinsn
1252 1967 1387 2035 (1111111-
1486 1993 1487 2024 t

826 2034 877 2085 den
889 2035 991 2087 Postea
1007 2033 1090 2100 jetzt,
1110 2033 1173 2085 weil
1190 2052 1221 2087 er
1239 2034 1387 2089 eincassirt

826 2101 906 2166 wird,
920 2097 1066 2156 hezahlen.

861 2173 900 2221 12.
918 2186 930 2220 s
952 2186 977 2237 q.
997 2169 1172 2235 Quamquam
1183 2197 1213 2206 —
1228 2171 1386 2224 accidisset.

827 2235 911 2290 (1111.4
948 2276 954 2288 .
976 2236 1009 2290 Α.
1029 2240 1053 2300 1,
1073 2239 1090 2288 4
1112 2234 1190 2287 hihrt
1208 2236 1256 2288 dus
1274 2236 1387 2290 Urtheil

825 2301 870 2354 des
888 2302 1008 2356 Rhetors
1022 2302 1159 2354 Antonius
1177 2303 1300 2356 Iulianus
1318 2303 1390 2357 siber

825 2369 897 2422 diese
915 2370 1001 2423 Stelle
1019 2387 1068 2421 an:
1091 2370 1219 2438 Crispum
1236 2389 1317 2430 sane,
1340 2371 1387 2424 in·

825 2437 894 2506 quit,
913 2455 1009 2504 agmen
1028 2437 1162 2490 orationis
1173 2438 1387 2508 rotundumque,

825 2521 858 2558 ac
885 2505 992 2557 modulo
1018 2505 1078 2573 ipso
1102 2521 1278 2558 numerorum
1296 2524 1386 2559 venn-

825 2578 904 2634 stum,
922 2572 969 2624 sed
983 2571 1054 2640 quod
1072 2589 1132 2624 cum
1146 2573 1227 2625 venia
1239 2573 1386 2640 legendum

824 2638 862 2692 sit
879 2639 955 2690 verbi
973 2638 1094 2708 paullum
1113 2638 1173 2691 ideo
1186 2639 1334 2705 immutati,
1354 2649 1387 2694 ut

824 2705 977 2759 sententiae
999 2706 1066 2758 fides
1088 2705 1166 2758 salva
1183 2713 1261 2760 esset.
1297 2708 1386 2761 Nam·

825 2790 876 2841 que
893 2773 996 2826 debitio
1014 2773 1122 2840 gratiae
1139 2783 1168 2826 et
1179 2774 1314 2842 pecuniae
1325 2775 1385 2827 col-

824 2841 881 2894 lata
886 2842 998 2893 verbum
1009 2841 1155 2909 utrobique
1163 2857 1273 2894 servare
1282 2849 1385 2911 posset.

824 2909 868 2961 Ita
890 2908 961 2960 enim
985 2915 1059 2961 recte
1082 2907 1210 2977 opposita
1235 2909 1309 2962 iuter
1326 2925 1388 2962 sese

824 2976 931 3042 gratiae
954 2975 1144 3056 pecuniaeque
1161 2975 1263 3028 debitio
1282 2976 1387 3028 videbi-

825 3052 885 3107 tur,
911 3042 934 3094 si
960 3052 988 3095 et
1013 3060 1130 3111 pecunrs
1177 3043 1263 3096 uidem
1290 3043 1387 3096 deberi

823 3110 933 3162 dicatur
952 3116 980 3162 11
997 3109 1100 3176 gratia,
1125 3061 1174 3163 sed
1191 3111 1255 3179 quid
1273 3110 1387 3162 eveniat

824 3177 853 3228 in
883 3177 1000 3245 pecunia
1028 3177 1120 3230 debita
1146 3177 1284 3241 sulutave,
1318 3176 1387 3246 quid

824 3254 921 3297 contre
949 3245 978 3296 in
1004 3245 1095 3310 gratia
1117 3245 1209 3297 debita
1231 3244 1385 3309 redditave,

824 3311 970 3365 debitionis
998 3312 1080 3364 verbo
1105 3312 1238 3379 utrinque
1262 3318 1388 3377 servato,

823 3379 981 3433 disseratur.
1022 3379 1118 3433 Cicero
1146 3388 1254 3442 autem,
1279 3379 1386 3447 inquit,

823 3446 1387 3566 duritiis?⁰tlttttti¹³¹tss⁰t⁶t

824 3581 928 3633 tentiae
950 3581 1086 3633 rationem
1108 3531 1387 3644 reddhret,qurbum

824 3650 901 3700 dehet
923 3647 952 3699 in
975 3647 1092 3715 pecunia
1114 3650 1210 3716 ponit;
1238 3648 1267 3700 in
1290 3649 1389 3714 gratia

247 3720 354 3768 10-12.
383 3718 652 3769 conturbare-hoc
669 3734 768 3768 nomen
820 3713 1290 3782 111111111111111111111111111111
1299 3715 1386 3768 dicit:

212 3785 286 3850 quud
295 3790 376 3848 urpet
386 3811 417 3818 —
429 3783 586 3836 dissolvere.
606 3783 769 3836 Ausdrhclre

211 3851 260 3904 der
282 3849 526 3902 kaufminnischen
549 3850 682 3918 Sprache.
718 3848 769 3902 Bei

821 3781 1085 3834 Gratiam-refert.
1109 3783 1164 3834 Sed
1175 3783 1285 3839 verbum
1299 3785 1390 3835 hahet

821 3867 882 3902 cum
911 3848 1053 3918 proposita
1088 3848 1295 3918 comparatione
1324 3866 1390 3902 non

211 3920 379 3970 conturbare
421 3917 537 3984 erginze
575 3916 698 3969 rationes
735 3941 769 3960 =
819 3917 887 3970 satis
899 3915 1038 3969 convenit.
1056 3915 1165 3969 Debitio
1177 3916 1249 3969 enim
1262 3916 1392 3983 gratiae,

211 4003 268 4038 non
290 4001 347 4037 esse
370 3982 499 4037 solvendo
524 3984 571 4049 (de
595 3984 652 4036 off.
676 3989 701 4050 2,
725 3985 769 4050 21,

211 4053 269 4170 ἵθζ,
286 4051 478 4132 bankbrsuchig
497 4052 623 4132 werden,
646 4050 705 4103 sich
723 4051 769 4103 fiir

211 4137 244 4172 11
265 4118 462 4187 lungsunfuhrg
496 4119 631 4172 erklaren.
662 4147 694 4156 -
719 4135 769 4170 nc·

821 4001 876 4036 non
895 3983 1007 4046 habitio,
1026 3999 1087 4036 cum
1100 3985 1217 4052 pecunia
1229 3983 1387 4038 1111111111.

821 4052 913 4118 Atque
930 4051 990 4103 ideo
1010 4067 1179 4119 consequens
1197 4051 1308 4120 quidem
1321 4051 1392 4104 1111-

821 4125 867 4171 111
884 4119 923 4171 sic
940 4118 1042 4171 dicere:
1071 4126 1099 4170 11
1116 4117 1164 4187 qui
1182 4119 1278 4183 debet,
1301 4118 1333 4170 in
1353 4137 1391 4172 eo
1486 4095 1487 4148 Ῐ

212 4204 272 4239 men
296 4187 332 4239 ist
353 4188 456 4240 Posten
478 4186 508 4238 in
530 4186 582 4239 den
605 4186 705 4239 tabulis
723 4203 770 4238 ac·
791 4211 793 4218 ⁴
820 4186 892 4256 ipso,
911 4185 982 4255 quod
999 4186 1095 4250 debet,
1112 4187 1214 4251 reiert3
1238 4185 1315 4254 quod
1335 4188 1392 4239 ab·

212 4254 284 4333 cepti
306 4263 335 4306 et
352 4253 468 4323 expensi.
488 4281 519 4294 -·
538 4255 652 4310 dissolv.
673 4271 770 4307 nomen
821 4253 935 4306 surdum
965 4258 994 4305 et
1025 4253 1104 4305 nimis
1136 4260 1263 4306 coactum
1298 4253 1393 4322 foret,

211 4320 297 4373 hersst
326 4321 368 4372 die
397 4320 502 4374 Schuld
532 4321 628 4388 tilgen.
657 4351 691 4362 -
721 4323 771 4374 lece
822 4321 845 4374 si
865 4320 985 4374 nondum
997 4320 1131 4374 redditam
1144 4321 1262 4388 gratiam
1275 4337 1308 4372 eo
1321 4319 1396 4390 ipso
1486 4329 1487 4402 p
