3014 4876
211 289 272 354 104
552 289 624 342 PRO
644 289 699 342 CN.
718 289 879 342 PLANCIO
898 289 1039 346 ORATIO.

208 446 260 522 qui
293 449 361 504 ante
392 443 540 522 quamde
567 462 634 506 meo
663 443 789 506 adventu
818 443 922 505 andire
950 443 1125 523 potuissent,
1154 461 1222 504 cum
1259 454 1367 506 tantum

208 529 345 590 abessent
372 526 484 606 aliquot
513 528 627 590 dierum
651 530 741 598 viam,
770 528 799 588 in
822 527 1026 590 Macedoniam
1048 527 1084 588 ad
1108 526 1259 590 Plancium
1282 529 1368 601 Quae-

207 623 318 675 storem
342 615 472 692 perrexi.
517 613 571 674 ilic
593 631 662 674 vero
685 610 776 674 simul
798 620 885 691 atque
907 630 991 674 mare
1013 631 1060 674 me
1076 613 1219 674 transisse
1235 616 1364 691 cognovit

207 731 251 745 -
273 698 351 769 andi,
375 697 444 760 audi
466 707 554 775 atque
576 697 706 768 attende,
728 693 907 768 Laterensis,
932 706 965 758 ut
986 699 1061 758 scias
1084 697 1154 776 quid
1177 715 1232 776 ego
1252 697 1363 760 Plancio

209 782 333 843 debeam
372 784 590 863 confiteareque
628 781 787 860 aliquando
825 799 873 843 me
914 781 991 860 qnod
1034 781 1141 864 faciam
1177 789 1206 843 et
1232 793 1315 860 grate
1338 792 1396 843 eto

208 866 256 947 pie
292 865 405 937 lacere;
445 866 530 935 buic,
564 884 640 944 quae
671 883 726 946 pro
755 865 848 927 salute
883 884 949 927 mea
983 867 1089 927 lecerit
1117 868 1143 927 si
1172 869 1272 928 minus
1305 884 1366 944 pro·

207 953 306 1013 lutura
329 953 400 1022 sint,
424 950 531 1014 obesse
553 958 634 1014 certe
657 969 716 1012 non
739 959 878 1032 oportere
895 972 951 1011 -ι
976 967 1042 1010 nam
1065 951 1152 1012 simul
1175 969 1210 1012 ac
1233 971 1281 1013 me
1303 951 1366 1029 byr-

197 1036 342 1098 rachium
379 1039 513 1114 attigisse
541 1036 667 1105 audivit,
702 1038 802 1097 statim
830 1035 866 1097 ad
896 1054 944 1096 me
973 1033 1130 1096 lictoribus
1159 1035 1302 1105 dimissis,
1327 1036 1367 1094 in·

157 1116 198 1180 99
209 1120 343 1200 signibus
372 1120 508 1190 abiectis,
541 1127 621 1190 reste
648 1126 759 1181 mutata
788 1122 941 1200 proiectus
963 1129 1017 1181 est.
1062 1120 1086 1182 0
1120 1120 1258 1181 acerbam
1291 1117 1365 1186 mibi.

208 1206 331 1276 iudices,
355 1207 527 1266 memoriam
550 1205 693 1284 temporis
715 1204 794 1266 illius
815 1213 845 1265 ct
866 1206 939 1273 loci,
968 1223 1036 1266 cum
1059 1204 1108 1265 bic
1135 1206 1165 1266 in
1188 1223 1236 1266 me
1257 1203 1419 1273 incidit,1o

208 1309 277 1352 cum
299 1289 471 1366 complexus
495 1297 539 1350 est
561 1290 784 1369 conspersitque
811 1288 939 1350 lacrimis
969 1307 1025 1350 nec
1045 1287 1125 1370 loqui
1147 1306 1218 1367 prae
1237 1306 1368 1350 maerore

208 1375 317 1456 potuit!
354 1374 465 1436 Orem
489 1391 556 1434 cum
585 1373 685 1434 auditu
715 1371 865 1435 crudelem
888 1382 949 1434 tum
978 1374 1041 1436 visu
1073 1374 1229 1435 nefariam!
1263 1372 1369 1434 oreli-

209 1477 283 1539 quos
312 1476 415 1519 omnes
443 1458 506 1520 dies
533 1466 694 1538 noctesque
723 1476 787 1527 eas,
823 1456 931 1535 quibus
959 1459 1016 1520 iste
1040 1477 1056 1520 a
1079 1477 1125 1519 me
1149 1477 1207 1518 non
1230 1457 1370 1520 recedens
1484 1477 1485 1498 ¹

209 1541 452 1604 Thessalonicam
474 1543 574 1604 mein
598 1543 858 1622 quaestoriumque
886 1541 1040 1621 perduxit!
1073 1543 1127 1604 llic
1156 1559 1210 1620 ego
1232 1560 1312 1603 nunc
1333 1543 1368 1602 de

205 1635 345 1708 praetore
368 1625 555 1688 Macedoniae
583 1626 655 1688 nibil
685 1627 779 1688 dicam
809 1626 935 1704 amplius
957 1627 1013 1687 nisi
1036 1645 1104 1688 enm
1127 1634 1156 1688 et
1183 1629 1276 1688 civem
1299 1628 1422 1706 opti-15
1484 1627 1485 1638 ¹

207 1730 288 1773 mum
317 1730 437 1790 semper
466 1721 495 1774 et
522 1711 595 1773 mibi
623 1713 751 1774 amicum
780 1713 888 1782 luisse,
922 1711 973 1773 sed
1002 1712 1104 1773 eadem
1134 1712 1267 1774 timuisse
1300 1729 1370 1791 quae

207 1805 338 1866 ceteros;
373 1796 425 1858 Cn.
448 1795 714 1859 Planctumtuisse
738 1814 844 1867 unum,
874 1814 934 1857 nou
957 1796 1007 1876 qui
1029 1797 1125 1857 minus
1147 1797 1282 1869 timeret,
1311 1793 1369 1860 sed.

207 1883 233 1942 si
262 1880 431 1943 acciderent
461 1899 509 1955 ea,
539 1900 614 1962 quae
642 1884 837 1950 timerentur,
872 1899 987 1942 mecum
1018 1899 1052 1942 aa
1079 1879 1181 1942 subire
1205 1889 1234 1941 et
1255 1882 1371 1960 perpeti
1485 1897 1486 1934 l

159 1961 220 2027 100
234 1965 330 2028 vellet.
376 1964 439 2036 Oui,
463 1984 531 2028 cum
552 1966 587 2026 ad
611 1984 657 2027 me
680 1965 713 2028 L.
734 1963 863 2034 Tubero,
888 1982 972 2026 meus
996 1967 1190 2039 necessarius,
1214 1968 1266 2046 qui
1288 1965 1372 2027 iratri

208 2069 273 2112 meo
300 2050 415 2130 legatus
442 2051 560 2120 luisset,
595 2050 744 2112 decedens
772 2069 808 2111 ex
837 2053 906 2112 Asia
937 2050 1063 2111 venisset
1097 2068 1206 2131 easque
1241 2050 1372 2120 insidias,
1393 2056 1428 2106 20

207 2251 361 2304 erweiterte
383 2251 501 2315 Pbrase,
525 2250 628 2304 welche
649 2268 685 2304 an
707 2251 766 2318 igni
816 2251 906 2304 asiner
928 2249 1044 2303 Familia
1067 2249 1123 2302 and
1146 2250 1175 2301 in
1197 2249 1242 2302 dia
1259 2249 1377 2302 Praetur

207 2319 337 2387 ferroque
349 2317 479 2372 erinnert.
507 2318 563 2376 cic,
575 2319 695 2385 gedankt
706 2319 767 2371 bier
818 2316 1375 2372 Atinazuerstdiesellacurulisbracbte.

207 2385 314 2438 solcber
336 2387 449 2450 Scene,
462 2403 504 2438 wo
527 2384 636 2452 ignibus
659 2395 766 2440 armata
817 2385 900 2452 vergl.
919 2388 946 2450 8,
965 2389 1006 2440 ts.
1042 2385 1084 2438 Er
1101 2402 1160 2437 war
1174 2402 1228 2516 pro
1240 2386 1374 2438 Practnre

207 2453 304 2520 ingens
314 2453 460 2507 multitudo
470 2453 679 2508 daberstiarmte.
691 2454 765 2521 (Liv.
816 2454 846 2506 iu
863 2451 1043 2506 Macedonica
1061 2470 1086 2505 a.
1105 2457 1155 2506 696
1189 2454 1247 2519 58).

211 2525 238 2586 t,
257 2522 315 2589 33.)
851 2526 892 2574 16.
919 2523 1013 2574 eodem
1050 2522 1106 2573 tim.
1142 2519 1184 2573 Er
1212 2521 1292 2588 begie
1316 2519 1375 2572 die-

242 2611 266 2658 7,
285 2623 352 2658 nam
369 2605 453 2673 vergi,
467 2606 499 2659 z,
514 2610 538 2670 §.
553 2611 612 2660 739,
637 2606 675 2658 lq,
688 2605 766 2660 ffihrt
816 2589 888 2642 selbe
906 2587 1014 2642 Furcbt
1036 2605 1087 2641 vor
1104 2588 1151 2641 des
1170 2587 1284 2642 Clodius
1303 2589 1376 2641 Fac-

210 2673 280 2726 nacb
306 2673 365 2726 dem
401 2673 532 2740 lingonen
560 2672 765 2727 Zwiscbsnsata
817 2657 886 2722 ‘1⁰⁰2
905 2655 956 2708 Wiss
974 2655 1121 2723 Virgiliuss·

209 2740 260 2793 auf
287 2739 331 2792 die
358 2740 555 2794 construction
581 2740 626 2794 des
653 2741 764 2810 Haupt·
851 2729 891 2778 1⁸·
915 2725 1112 2804 “immisti
1133 2741 1229 2792 Pilio
1253 2721 1377 2805 *ῩΨῙῙΕ

207 2815 298 2862 ratres
316 2808 415 2861 wieder
433 2808 546 2861 zurfick,
816 2791 857 2845 lex
882 2790 979 2844 Clodia
1008 2790 1048 2844 als
1077 2791 1173 2844 Strnie
1202 2791 1376 2860 demJenrgen

815 2859 983 2923 bestimmte,
1005 2858 1053 2912 der
1075 2858 1128 2910 den
1152 2858 1209 2911 otc.
1227 2856 1377 2911 innerbalb

817 2927 866 3008 def
878 2925 1074 3046 dqnadraginta
1095 2925 1181 2980 millia
1208 2925 1375 2979 aninebmen

817 3012 877 3048 vrur
896 3011 919 3048 a.

852 3067 891 3116 19.
919 3063 951 3113 L.
974 3061 1070 3114 Aelius
1095 3061 1205 3114 Tubero
1236 3059 1305 3114 wird
1331 3059 1380 3112 ein

816 3129 903 3183 Mnnn
919 3145 974 3182 von
992 3128 1118 3182 Untsicbt
1135 3145 1162 3180 u.
1183 3145 1243 3181 cnm
1262 3127 1378 3195 iugenio

816 3207 875 3251 tuns
904 3196 985 3250 etiam
1015 3196 1141 3249 doctrina
1167 3194 1302 3248 excellens
1328 3211 1381 3262 ge·
1487 3235 1488 3248 ,

817 3271 907 3320 nannt
929 3281 979 3333 pro
1002 3264 1063 3330 Lig.
1082 3268 1107 3327 4,
1129 3269 1168 3318 10.
1205 3263 1282 3328 abacis
1300 3262 1383 3315 stelit
1487 3303 1488 3306 ,

815 3333 873 3386 sicb
901 3332 958 3385 cic.
985 3332 1035 3385 mit
1060 3330 1116 3384 ibm
1144 3339 1299 3384 zusammen
1324 3347 1384 3399 pro

815 3400 877 3468 Lig.
896 3406 921 3468 7,
941 3404 987 3452 at:
1016 3399 1095 3452 Domi
1117 3415 1173 3452 una
1196 3398 1307 3463 eruditi,
1325 3398 1382 3450 mi·
1443 3457 1450 3468 ¹

816 3467 893 3521 litiae
915 3466 1128 3520 contubernales
1153 3465 1286 3534 (nimlieb
1305 3465 1383 3518 bello

820 3534 941 3601 sociali),
956 3541 1019 3603 post
1028 3534 1127 3614 aflines
1140 3534 1194 3602 (als
1205 3533 1299 3587 Scbwi
1334 3550 1384 3586 er·

249 3659 288 3707 12.
308 3671 364 3734 repr
377 3682 410 3692 -
422 3656 558 3706 crudelem
572 3684 604 3694 —
616 3655 765 3721 nefarium.
795 3705 798 3711 ,
820 3601 1321 3740 Εῗέἑοζοῖ(1οἴἷς.8ΐω1ῗῗὲῗτ1178)ῗ
1344 3600 1386 3720 (lli

212 3723 271 3778 Cic.
288 3721 395 3792 spracht
412 3738 465 3773 von
484 3720 532 3774 der
549 3722 692 3790 tranrigen
712 3721 768 3774 und
821 3738 897 3791 omni
918 3737 1037 3806 denique
1056 3737 1114 3791 ,ita
1132 3736 1294 3796 familiam,
1319 3753 1387 3789 ma.

213 3787 662 3857 nicbtswrirdigenVeranlassnug
678 3790 770 3843 seiner
820 3821 904 3873 gnum
922 3805 1003 3859 etjam
1022 3805 1162 3857 vinculum
1210 3803 1263 3857 uod
1279 3802 1388 3856 11,de

211 3858 411 3926 Vefbstnssung·
819 3861 917 3926 studiis
944 3872 1039 3938 (nimi.
1064 3821 1271 3942 philosipliae,
1303 3873 1392 3924 Aea-

211 3967 212 3972 *
249 3949 289 3998 14.
326 3943 528 4025 quaestorium,
563 3940 684 4008 gebildet
719 3941 771 3993 wie
821 3940 945 4006 demicis)
955 3958 1059 4009 semper
1069 3940 1111 3993 nsi
1122 3956 1223 3996 snmus.
1241 3939 1283 3991 Er
1292 3938 1397 4006 iolgta

232 4020 398 4079 raetorrnm,
426 4010 474 4063 das
497 4007 698 4076 Amtsgebiiude
723 4009 770 4061 fir
821 4007 881 4061 dem
900 4007 934 4072 Q.
954 4007 1011 4062 Cic.
1033 4008 1072 4060 als
1089 4007 1180 4075 Legat
1199 4006 1269 4060 nacb
1282 4006 1393 4072 Anien,

198 4032 265 4142 ,gen
290 4081 428 4144 Quaestor
454 4078 502 4130 der
528 4075 659 4129 Provida.
696 4074 768 4140 (Lis.
822 4091 845 4128 a.
867 4080 918 4129 694
940 4075 1013 4143 (60),
1034 4075 1146 4143 gehirte
1163 4075 1256 4144 spiter
1279 4091 1315 4126 au
1337 4074 1398 4128 des

217 4154 257 4216 10,
276 4150 331 4213 32.)
819 4142 967 4212 Pompeius
995 4144 1177 4210 Anbingern,
1205 4141 1282 4196 ward
1314 4142 1399 4198 aber

249 4219 282 4268 de
304 4222 394 4284 praet.
414 4212 606 4266 Macedoniae.
642 4210 770 4264 Gemeint
821 4228 875 4264 ron
895 4211 996 4263 Caesar
1013 4210 1171 4279 begnadigt.
1207 4210 1249 4262 Er
1265 4209 1330 4276 galt
1345 4210 1399 4266 als

213 4284 249 4336 ist
277 4282 309 4335 L.
340 4280 471 4351 Apuleius
504 4279 689 4344 Saturninus,
722 4278 771 4330 der
822 4277 1329 4397 Gescbicbtsscbreibergadfflr.l,
1352 4284 1400 4342 1).

213 4350 300 4404 Vater
322 4350 369 4404 des
393 4349 444 4402 Cn.
467 4348 650 4416 Saturninus,
672 4346 722 4400 der
739 4346 768 4399 in
823 4346 899 4400 Auca
919 4346 1043 4400 widmete
1059 4346 1116 4399 ibm
1152 4361 1182 4400 er
1195 4345 1403 4400 Akademiker

202 2905 204 2908 '
241 2897 267 2946 8.
286 2893 430 2946 lictoribus
449 2894 587 2960 dimissis,
605 2893 765 2960 insipnibus

210 2962 330 3014 abiectis.
350 2961 404 3013 Der
417 2960 515 3013 Grund
528 2960 763 3028 zurEntlassung

208 3029 256 3080 der
290 3028 420 3081 Lictoren
453 3027 513 3080 ¹arrd
542 3028 687 3097 Ablegung
716 3029 766 3081 der

209 3096 326 3149 Zeicben
352 3096 442 3149 seiner
464 3095 643 3164 Amtsgewalt
668 3097 705 3149 ist
728 3097 765 3149 irn

211 3164 368 3232 rotgennen
380 3165 509 3232 gegeben.
528 3164 568 3216 ldr
577 3164 633 3231 legt
641 3165 765 3217 Transr-

210 3232 342 3298 gewande
360 3250 395 3286 an
412 3232 442 3283 in
454 3231 633 3285 Theilnabme
645 3232 694 3285 mit
705 3232 764 3285 dem

209 3299 354 3367 Unglicks
377 3300 502 3362 Ciceros,
526 3299 585 3352 dem
607 3316 638 3352 er
660 3299 700 3353 als
717 3300 765 3352 be-

210 3367 369 3420 frenndeter
394 3367 590 3434 Privatmann,
623 3367 701 3421 nieht
726 3368 764 3421 als

211 3435 336 3488 Beamter
357 3435 566 3502 entgegentritt.
601 3434 689 3488 Untsr
712 3435 764 3487 den

210 3502 353 3620 Imgnliren
371 3503 408 3555 ist
425 3502 469 3554 die
487 3510 554 3570 toga
566 3510 712 3572 praetexta
730 3519 764 3554 au

213 3580 301 3624 verste
322 3587 364 3622 en.
