3014 4876
210 291 254 355 44
547 291 619 346 PRO
639 290 695 347 CN.
713 289 873 342 PLANCIO
891 289 1036 342 ORATIO.

211 445 292 523 quod
319 444 364 506 illi
391 447 421 504 in
449 446 506 506 hoc
535 444 667 506 ornando
697 444 834 505 ordinem
856 462 888 504 se
911 425 1019 504 ornare
1043 453 1071 504 et
1094 442 1248 505 consulere
1270 443 1372 505 liberis

211 532 273 592 suis
295 529 524 593 arbitrabantur.
571 540 574 548 ’

296 615 332 678 X.
366 613 482 694 Aliquid
511 621 665 691 praeterea
688 647 729 658 -—
758 613 859 673 timide
887 613 970 680 dieo,
1005 613 1055 673 sed
1085 621 1183 674 tamen
1216 613 1373 674 dicendum

213 707 258 760 ost
280 719 330 758 -ε
359 717 418 759 non
446 700 523 758 enirn
552 696 672 778 opibus,
702 715 762 758 non
791 697 934 758 invidiosa
956 700 1064 774 gratia,
1094 715 1154 756 non
1177 699 1308 777 potentia
1330 699 1375 758 rix
1496 771 1497 774 Ἴ

213 784 343 854 serenda,
366 783 419 844 sed
442 785 722 844 commemoratione
744 783 896 850 beneficii,
920 783 972 844 sed
994 781 1210 849 misericordia,
1233 783 1287 843 sed
1308 800 1374 861 pre·
1393 790 1411 839 5
1496 817 1497 842 t

156 855 161 871 ’
213 867 298 929 cibus
332 866 440 944 aliquid
476 867 627 928 attulimus
660 869 747 928 etiam
776 883 840 927 nos.
885 865 1035 946 Appellari
1062 867 1204 946 populum
1233 866 1375 935 tributim,

213 953 338 1014 submisi
359 970 408 1012 me
424 959 452 1012 et
466 951 642 1031 supplicavi:
667 951 745 1012 ultro
760 963 808 1010 me
829 951 950 1012 hercule
966 971 998 1012 se
1014 952 1087 1014 mihi
1103 954 1192 1012 etiam
1207 951 1375 1018 offerentes,

161 1033 293 1098 Phultro
314 1035 490 1116 pollicentes
511 1036 620 1112 rogari.
658 1036 754 1096 Voluit
778 1053 865 1098 causa
888 1036 1022 1114 rogandi,
1046 1053 1105 1097 non
1127 1037 1232 1112 gratia.
1275 1035 1337 1098 Nec
1351 1037 1377 1096 si

114 1171 117 1179 .
214 1125 258 1182 vir
281 1121 487 1200 amplissimus,
511 1123 558 1181 eui
581 1118 656 1180 nihil
680 1129 723 1180 est
746 1119 825 1196 quod
847 1123 963 1198 roganti
978 1121 1103 1182 concedi
1117 1137 1176 1180 non
1193 1122 1258 1182 iure
1273 1117 1375 1199 possit,

213 1207 250 1268 de
272 1204 382 1282 aliquo,
412 1215 443 1265 nt
465 1205 552 1273 dicis,
581 1221 641 1264 non
663 1205 846 1281 impetravit,
875 1222 930 1283 ego
952 1223 1017 1265 sum
1040 1221 1197 1282 arragone,
1228 1204 1307 1285 quod
1330 1220 1376 1265 me
1396 1211 1431 1261 lu
1496 1219 1497 1264 ;

215 1290 339 1350 valuisse
361 1290 438 1351 dieo.
484 1289 558 1350 Nam
580 1299 614 1349 ut
636 1291 769 1349 omittam
792 1287 873 1357 illud,
898 1290 977 1368 quod
1001 1305 1055 1368 ego
1076 1308 1131 1369 pro
1147 1310 1182 1350 eo
1197 1289 1376 1359 laborabam,

214 1377 265 1452 qui
287 1373 400 1433 valebat
427 1375 490 1452 ipse
513 1392 568 1453 per
588 1391 669 1444 sese,
700 1375 814 1451 rogatio
837 1375 899 1452 ipsa
931 1393 1050 1453 semper
1083 1382 1127 1434 est
1159 1376 1377 1452 gratiosissima,

214 1475 288 1537 quae
319 1467 363 1517 est
393 1459 490 1518 allicio
523 1456 749 1518 necessitudinis
777 1460 934 1518 coniuncta
969 1462 1108 1520 maxime.
1159 1459 1262 1538 Neque
1300 1461 1378 1520 enim

214 1561 270 1620 ego
302 1543 344 1603 sie
370 1542 527 1619 rogabam,
556 1550 590 1602 ut
614 1550 716 1622 petere
743 1542 874 1612 viderer,
901 1544 968 1622 quia
998 1543 1151 1604 familiaris
1180 1553 1257 1604 esset
1286 1562 1378 1612 meus,

214 1629 281 1707 quia
304 1628 427 1695 vicinus,
450 1629 516 1706 quia
539 1627 626 1688 huius
649 1635 774 1706 parente
796 1645 914 1706 semper
930 1627 1091 1706 plurimum
1107 1645 1202 1690 assem
1220 1646 1299 1698 usus,
1323 1627 1375 1690 sed
1394 1633 1430 1682 15
1496 1651 1497 1696 t

213 1721 246 1772 ut
273 1711 357 1790 quasi
378 1713 494 1790 parenti
516 1719 545 1771 et
566 1712 682 1772 custodi
704 1713 806 1772 salutis
829 1730 921 1772 meae.
965 1713 1030 1774 Non
1053 1713 1184 1791 potentia
1207 1731 1289 1782 mea,
1323 1713 1375 1774 sed
1496 1705 1497 1728 ¹

156 1845 158 1854 ,
215 1813 302 1856 eausa
325 1798 486 1872 rogationis
508 1797 565 1857 luit
587 1798 727 1872 gratiosa.
772 1795 865 1856 Nemo
888 1815 952 1858 mea
976 1797 1162 1857 restitutione
1178 1798 1302 1858 laetatus
1324 1805 1378 1865 est,

214 1899 303 1942 nemo
326 1881 433 1940 iniuria
457 1881 558 1948 doluit,
582 1884 630 1942 cui
652 1899 713 1940 non
736 1881 824 1941 huius
846 1883 876 1939 in
899 1901 947 1941 me
962 1881 1166 1942 misericordia
1182 1890 1265 1959 grata
1280 1883 1379 1943 luerit.

164 1963 206 2028 26
215 1965 333 2027 Etenim
357 1967 382 2025 si
404 1973 471 2026 ante
494 1967 622 2026 reditum
647 1985 745 2028 meum
761 1965 813 2028 Cn.
830 1963 948 2026 Plancio
972 1983 1003 2026 se
1027 1965 1113 2044 vulgo
1129 1968 1183 2026 viri
1204 1965 1290 2036 boni,
1313 1983 1378 2027 curn

216 2050 400 2110 tribunatum
432 2058 561 2128 peteret,
597 2051 673 2111 ultro
703 2050 882 2111 offerebant:
914 2052 962 2111 eui
989 2069 1097 2112 nomen
1126 2067 1224 2112 meum
1246 2050 1379 2112 absentis
1398 2055 1435 2103 20

216 2137 323 2195 honori
343 2134 457 2203 luisset,
483 2136 509 2194 ei
531 2152 613 2194 meas
635 2136 799 2223 praesentis
822 2153 927 2214 preces
949 2153 1008 2194 non
1031 2145 1118 2214 putas
1141 2135 1316 2215 proluissei·
1335 2138 1380 2197 An
1496 2110 1497 2150 l

217 2221 433 2280 Minturnenses
456 2218 568 2288 coloni,
599 2219 676 2298 quod
708 2221 738 2280 C.
761 2219 885 2280 Marium
910 2239 925 2278 e
948 2219 1027 2280 cirili
1050 2221 1132 2280 lerro
1155 2229 1244 2298 atque
1266 2239 1302 2282 or
1324 2224 1380 2282 im-

216 2306 273 2383 piis
294 2301 431 2363 manibus
448 2305 633 2382 eripuerunt,
656 2303 736 2382 quod
752 2312 831 2364 tecto
847 2313 1035 2383 receperunt,
1059 2304 1137 2384 quod
1155 2305 1264 2366 lassum
1281 2306 1379 2368 inedia

215 2387 414 2466 fluctibusque
441 2397 631 2456 recrearunt,
661 2388 738 2465 quod
767 2389 903 2448 viaticum
932 2398 1161 2465 congesserunt,
1191 2390 1269 2468 quod
1299 2392 1380 2450 navi-

250 2576 274 2622 1.
294 2570 337 2621 illi
355 2593 388 2612 =
405 2567 508 2637 equites
526 2567 664 2624 Romani..
824 2574 874 2623 696
888 2571 945 2638 (58)
957 2571 1075 2623 Praetor
1088 2571 1134 2636 ist,
1152 2591 1183 2624 so
1202 2589 1264 2639 mag
1281 2589 1312 2624 er
1329 2575 1381 2625 694

250 2644 274 2690 3,
294 2639 402 2704 aliquid
421 2637 455 2688 ef.
474 2641 497 2697 ,0,
516 2642 557 2689 20.
823 2638 903 2691 Aedil
921 2655 1046 2706 genesen
1073 2640 1128 2690 und
1146 2657 1197 2692 vor
1214 2639 1300 2692 dieser
1318 2639 1381 2694 Zeit

248 2712 273 2757 4.
292 2722 348 2757 non
366 2705 447 2754 enirn.
477 2703 534 2756 Cic.
553 2704 617 2756 dari
632 2721 659 2756 es
676 2719 772 2772 sagen,
823 2704 1028 2773 dorchgefallen
1063 2707 1131 2760 sein.
1184 2706 1224 2760 Im
1261 2708 1381 2774 Biirger-

215 2771 300 2825 denn
319 2789 349 2823 er
366 2771 415 2822 hat
426 2770 514 2823 durch
527 2770 606 2824 keine
618 2773 769 2840 verpdnten
822 2772 915 2840 kriege
929 2773 1040 2840 eifriger
1051 2773 1117 2826 Pom
1138 2775 1334 2841 ejanerwaes.
1347 2775 1381 2826 de

215 2839 309 2892 blittel
327 2840 372 2891 fier
391 2838 442 2893 Cn.
462 2839 503 2891 Pl.
522 2839 650 2907 gewirkt.
822 2841 853 2894 B.
873 2858 895 2896 o.
915 2847 941 2908 3,
962 2847 1018 2895 105.
1039 2843 1106 2894 tuba
1118 2793 1187 2893 belli
1205 2859 1228 2894 e.
1248 2843 1283 2894 ad
1301 2844 1377 2895 Fam.

250 2911 275 2964 5.
295 2908 419 2975 beneficii
435 2925 472 2958 sc.
491 2907 520 2958 in
540 2924 581 2958 me
599 2905 700 2964 collati.
801 2909 913 2977 ”6,1n)‚
933 2909 1028 2962 wurde
1040 2923 1071 2961 er
1084 2910 1155 2962 nach
1167 2910 1227 2961 dem
1239 2910 1376 2962 Todedes

249 2981 274 3028 6.
303 2977 451 3042 Appellaoi
480 2977 614 3044 populum
635 2976 770 3030 tributim.
823 2976 1064 3045 Pomp.verbannt
1081 2995 1107 3034 n,
1119 2979 1213 3046 opiter
1226 2977 1378 3034 amnestirt.

216 3043 308 3112 Vergl.
327 3042 401 3094 Einl.
420 3048 445 3106 §.
458 3047 507 3108 ¹12.
645 3107 649 3114 ⁶
858 3048 1040 3112 inperante.
1059 3047 1144 3112 vergi.
1163 3063 1197 3098 zu
1216 3049 1240 3110 ἕ.
1262 3051 1319 3098 102.

251 3116 274 3164 8.
294 3113 369 3164 ultro
386 3109 450 3177 fige
468 3111 525 3162 Cle.
544 3110 642 3175 hinnu,
663 3127 704 3163 mn
723 3110 771 3162 das
859 3117 897 3164 1⁷.
922 3131 1009 3165 eausa
1032 3130 1098 3178 rap..
1122 3129 1177 3165 was
1201 3117 1226 3178 3.
1244 3117 1278 3165 24
1295 3130 1381 3165 cansa

217 3177 323 3248 aliquid
346 3178 486 3230 attulimus
505 3195 539 3230 an
558 3177 693 3230 erkllren.
731 3177 771 3230 Er
823 3178 941 3246 rogandi
952 3179 997 3232 ist.
1024 3181 1080 3234 Cic.
1094 3181 1196 3232 kommt
1210 3197 1253 3232 am
1267 3181 1380 3234 Schlnao

216 3247 320 3299 konnte
344 3263 396 3297 nur
423 3246 513 3312 naenig
534 3262 585 3298 aur
607 3245 689 3298 Wahl
714 3245 771 3296 bei·
824 3247 914 3299 aeiner
935 3247 1091 3301 Deduction
1137 3248 1170 3299 uf
1188 3248 1261 3301 diese
1283 3250 1381 3300 Worte

216 3323 328 3381 tragon,
357 3313 420 3366 weil
445 3315 502 3365 sich
530 3313 582 3365 alle
607 3314 691 3366 sehon
718 3331 773 3366 von
824 3313 877 3366 wie
894 3315 945 3366 anf
960 3315 1040 3367 einen
1058 3265 1173 3368 Relrhin
1191 3317 1310 3380 anrdck,
1333 3333 1380 3368 nm

215 3381 299 3433 selbst
317 3379 362 3433 ir‘ir
379 3381 427 3433 ihn
444 3381 581 3436 erkttrten
602 3398 627 3433 u.
647 3381 772 3434 riberdem
823 3381 867 3432 dio
884 3382 1100 3450 Gewichtigkeit
1118 3383 1206 3436 dieser
1222 3384 1312 3436 seiher
1323 3388 1379 3436 hn-

214 3448 383 3514 verhiessen,
400 3466 457 3502 was
476 3466 505 3501 er
525 3449 612 3501 bitten
632 3448 732 3500 wollte.
822 3450 966 3517 sehauung
991 3451 1061 3502 anch
1082 3450 1135 3503 den
1151 3450 1285 3504 Richtern
1307 3452 1381 3520 rudg-

251 3521 290 3573 10,
315 3519 348 3568 de
370 3517 473 3584 aliquo.
508 3516 542 3568 T.
568 3517 681 3585 Ampius
706 3515 770 3569 Bal·
823 3517 903 3570 liehst
920 3517 1102 3584 eindringlich
1120 3535 1155 3570 an
1174 3519 1295 3572 maehen.

214 3583 266 3635 bus
294 3584 371 3636 hatte
402 3584 531 3636 wihreud
557 3584 643 3636 selues
670 3585 771 3637 Tribu-
857 3590 899 3637 22.
918 3587 1114 3638 Marcomani.
1132 3586 1229 3654 Vellej.
1246 3588 1278 3640 P.
1294 3591 1380 3652 1‚14=

216 3657 293 3716 hats,
311 3651 428 3704 welches
446 3652 475 3703 in
493 3651 541 3703 das
561 3652 771 3719 Consulatsjahr
824 3652 961 3715 Quintum
979 3654 1080 3720 Fabio,
1099 3654 1184 3707 Decio
1202 3655 1281 3707 Mure
1298 3671 1382 3722 qnar-

216 3720 339 3772 Cicero⁷s
366 3718 412 3770 fiel
438 3736 464 3774 a.
492 3723 539 3778 601
566 3722 635 3786 (63),
663 3721 706 3772 die
730 3720 772 3772 lex
822 3731 880 3772 tum
915 3721 1006 3787 Cosa,
1046 3739 1099 3790 quo
1138 3739 1213 3774 anno
1253 3722 1382 3790 Pyrrhus

214 3788 378 3854 beantragt:
405 3793 435 3839 ut
451 3785 598 3856 Pompeius
621 3788 690 3840 ludis
708 3785 771 3840 eir·
822 3803 937 3855 regnare
955 3789 1059 3858 coepit,
1084 3790 1241 3842 Sinuessam
1258 3791 1381 3842 Mintur-

216 3856 340 3908 nensibus
375 3870 479 3907 corona
512 3853 607 3909 laurea
640 3863 668 3907 et
698 3853 771 3908 omni
824 3873 926 3924 hasque
950 3857 1053 3921 coloni,
1076 3857 1103 3908 d.
1125 3859 1153 3912 h.
1177 3876 1201 3910 a.
1222 3861 1258 3912 U.
1277 3863 1327 3910 459
1344 3879 1381 3902 en

216 3924 292 3976 cultu
312 3921 541 3992 triumphantium
560 3931 693 3988 uteretur,
711 3941 770 3976 see·
821 3927 871 3976 ‘295
890 3943 913 3976 a.
932 3924 997 3976 car.
1017 3925 1052 3978 cl.
1072 3924 1131 3978 Lir.
1151 3931 1191 3993 10,
1210 3930 1251 3980 21.

217 3991 285 4044 uicis
318 3999 410 4044 autem
442 3996 589 4060 praetexta
619 4007 773 4060 coronaque
859 3993 888 4046 G.
920 3993 1056 4044 Marium.
1104 3991 1185 4045 Seiae
1213 3993 1315 4045 Flueht
1342 3991 1384 4045 ist
1496 4003 1497 4040 1

216 4060 317 4111 laurea.
362 4057 444 4125 (Vell.
471 4059 534 4112 Pat.
562 4063 595 4123 2,
620 4062 674 4121 40.)
716 4061 773 4111 Ans
826 4059 996 4113 ausfdhrlich
1019 4060 1183 4126 geschildert
1200 4061 1245 4112 bei
1262 4060 1336 4112 Plut.
1358 4078 1383 4112 e.

214 4127 295 4180 Dank
313 4126 395 4179 daftir
412 4125 598 4180 unterstiitate
615 4126 662 4177 itm
675 4125 772 4194 Pomp.
824 4132 935 4190 tta-40,
953 4127 1064 4180 ihnlieh
1081 4128 1125 4179 bei
1141 4127 1242 4180 Valler.
1260 4129 1334 4181 Max.
1354 4133 1383 4195 2,
1496 4119 1497 4156 ³

214 4194 257 4245 bei
287 4194 335 4246 der
362 4194 445 4246 Wahl
479 4211 524 4246 nrn
557 4193 601 4245 die
629 4193 770 4246 Aedilitdt.
825 4200 867 4256 tn,
885 4201 901 4248 6
920 4211 945 4247 u.
963 4199 988 4257 8,
1007 4201 1031 4247 2.
1049 4201 1073 4249 3.
1095 4195 1163 4247 anch
1184 4195 1384 4248 lastmitden-
1496 4217 1497 4270 q

215 4261 411 4332 DasaAmpins
430 4261 557 4314 dennoch
573 4261 718 4328 durchliel,
735 4261 773 4314 ist
822 4262 914 4314 selben
932 4264 1047 4315 Wortten
1066 4280 1116 4332 pro
1135 4265 1207 4316 seat.
1227 4268 1270 4330 22,
1287 4269 1330 4330 50,
1347 4262 1385 4316 de
1496 4305 1497 4326 ,

220 4329 280 4382 hier
297 4330 469 4397 angedentet.
498 4331 541 4382 Da
553 4347 583 4382 er
594 4328 685 4383 indens
698 4347 722 4382 a.
735 4329 770 4385 U.
823 4330 885 4382 rin.
904 4331 946 4396 ΙΙ,
969 4337 1017 4398 32,
1042 4330 1383 4398 105.inPieon.19,4a.
1496 4395 1497 4406 γ
