3014 4876
1252 55 1314 121 109

145 251 176 301 p.
196 235 256 286 322.
276 260 309 270 —
329 235 371 285 20.
389 229 551 298 Repetitum
573 230 644 284 nibil
666 228 741 298 quod
769 231 810 284 est
833 229 898 282 ante
921 228 1003 282 citius
1025 228 1107 283 eiecit
1124 227 1255 282 Wunder.
1280 258 1313 268 -

144 319 213 372 pag.
233 306 275 370 69,
298 307 322 356 3.
341 301 409 370 quid
431 303 496 355 ante
519 306 569 355 111
590 301 642 354 erit
663 301 795 356 eiusmodi
812 299 865 354 del.
884 299 1016 354 Wunder.
1038 329 1075 340 —
1096 300 1145 369 qui
1166 298 1261 352 addidi
1279 299 1314 354 de

145 389 219 428 meo.
236 403 269 413 -
283 389 347 442 pag.
357 377 399 439 70,
411 376 452 426 lb.
467 387 523 426 non
536 377 575 426 est
591 371 692 440 prauis.
720 369 822 425 1111111
834 369 926 424 delevi
939 372 1053 439 propter
1067 369 1202 425 Cobetum
1215 388 1243 439 p.
1254 375 1314 436 325,

150 443 195 498 oui
212 459 284 514 quae
311 442 341 496 in
365 442 539 497 conclamato
565 443 616 497 illo
639 443 701 496 loco
734 441 818 496 dubia
847 457 881 495 ac
911 441 1004 510 spuria
1031 440 1191 509 videantur,
1219 440 1315 496 videas

143 515 261 570 ibidem.
299 513 369 568 Cum
387 530 452 568 vero
470 513 542 567 nihil
559 514 596 568 sit
614 514 651 568 ad
666 517 812 582 praecepta
829 513 930 582 pravis,
950 511 1105 566 eiciendum
1122 511 1222 580 putavi
1239 512 1315 580 quod

149 585 257 640 codices
279 586 377 639 tenent
399 584 457 639 sive
478 586 580 653 pravis,
606 584 664 639 sive
690 599 795 653 ymarus
817 585 867 637 aut
888 587 1039 653 peneratue.
1086 582 1160 636 Nam
1188 581 1314 638 sufficere

147 657 280 711 ridentur
297 672 368 724 quae
386 655 531 724 leguntur:
557 670 728 724 quamquam
750 654 786 709 ad
809 655 958 724 praecepta
980 654 1057 708 aetas
1076 668 1131 707 non
1154 654 1203 708 est.
1240 653 1313 708 Nam

148 743 203 782 ease
226 727 263 781 ad
284 743 335 795 pro
354 742 387 781 eo
413 726 487 795 quod
510 728 553 781 est
570 727 668 795 aptum
686 742 744 781 esse
763 723 799 779 ad
817 725 913 794 alquid
945 727 973 779 et
990 725 1210 793 accomodatum,
1228 724 1314 779 habes

149 798 224 867 apud
242 795 319 852 Caes.
344 797 377 852 de
396 796 426 851 Β.
446 796 475 852 O.
494 803 519 866 3,
540 804 598 852 101.
623 797 695 865 (1111,
714 812 785 866 quaa
810 797 875 850 sunt
897 795 933 850 ad
951 794 1098 864 incendia),
1123 794 1198 864 apud
1218 793 1313 849 Caton.

147 869 185 924 de
198 869 230 923 R.
245 867 278 922 R.
294 872 353 922 125.
369 867 484 936 (Vinum
496 870 635 922 musteum
654 869 697 922 est
714 866 750 921 ad
769 867 863 922 alvum
882 865 1003 936 crudam,
1022 867 1059 920 ad
1077 865 1172 922 lateris
1191 865 1314 920 dolorem

149 939 233 995 etad
251 938 423 1009 coeliaeum),
442 939 521 1008 apud,
534 939 590 994 Cic.
609 939 640 992 in
652 939 730 993 Verr.
749 939 784 1005 Π,
798 943 823 1006 4,
838 944 880 993 50.
903 943 992 1005 1124,
1012 937 1136 1006 (Valvas
1156 953 1228 1006 quae
1247 936 1314 990 olim

148 1011 187 1066 od
205 1009 359 1065 ornandum
371 1010 508 1079 templum
526 1012 606 1065 erant
623 1009 763 1084 maxime.)
782 1008 816 1064 de
829 1007 910 1063 Deor.
925 1008 990 1062 Nat.
1003 1009 1050 1076 III,
1065 1014 1108 1062 34.
1122 1013 1166 1063 83.
1180 1007 1314 1076 (Laneum

148 1080 266 1150 pallium
285 1081 359 1151 quod
377 1081 413 1134 ad
433 1097 513 1135 omne
536 1080 602 1134 a‘nni
619 1082 730 1149 tempus
753 1097 811 1138 esse
830 1078 952 1148 diceret).
977 1111 1010 1118 -
1035 1084 1077 1135 17.
1100 1079 1196 1134 Noctis
1219 1083 1313 1134 cetera.

149 1151 268 1206 Noeme?
292 1151 366 1221 quod
387 1151 417 1205 in
440 1150 581 1206 codicibus
604 1151 774 1206 inculcatum
797 1153 839 1205 est
861 1149 934 1204 inter
957 1150 1025 1205 duos
1047 1150 1111 1205 illos
1133 1167 1227 1204 versus
1251 1166 1314 1203 cum

149 1223 299 1278 delendum
335 1239 394 1277 esse
431 1221 593 1291 arbitrarer,
629 1222 715 1277 verba
745 1221 774 1275 in
806 1238 870 1276 cum
902 1221 1026 1276 ordinem
1058 1220 1192 1290 disposui,
1231 1237 1314 1290 quem

149 1310 273 1348 servasse
296 1310 330 1348 ea
351 1292 452 1348 iudico.
495 1292 568 1360 Quid
591 1293 625 1347 de
649 1297 735 1351 cetera
753 1292 931 1347 statuendum
953 1292 998 1357 sit,
1017 1292 1048 1345 in
1065 1291 1139 1346 notis
1156 1291 1259 1346 videas.
1279 1322 1313 1331 —-

150 1381 215 1434 pag.
235 1370 277 1432 71,
297 1369 321 1421 2.
339 1365 450 1432 sempsit
466 1380 530 1419 nan.
549 1363 769 1432 sempsitdelcvi
786 1366 901 1433 propter
918 1363 1054 1418 Cobetum
1072 1381 1098 1432 p.
1118 1368 1177 1417 326.
1197 1393 1230 1402 -
1249 1377 1313 1432 pag.

151 1441 193 1502 75,
213 1441 254 1490 20.
278 1435 404 1490 decedens
426 1436 605 1504 eproar'mcia
628 1435 704 1504 quod
726 1435 872 1504 legebatur
894 1436 960 1504 post
976 1453 1002 1489 v.
1022 1450 1108 1489 caasa
1130 1433 1218 1488 deleri
1232 1433 1314 1503 jubet

151 1505 264 1575 Campe.
283 1524 309 1576 p.
329 1511 390 1561 270.
409 1537 443 1548 -
466 1523 530 1576 pag.
550 1512 592 1576 78,
612 1513 653 1560 11.
672 1506 721 1560 boc
738 1520 841 1560 mooun.
862 1505 921 1559 ΤΕ.
940 1537 973 1544 -
992 1521 1056 1574 pag.
1075 1511 1118 1572 81,
1139 1511 1161 1559 1.
1185 1505 1225 1558 At
1243 1505 1314 1558 enim

144 1578 231 1631 mimis
248 1593 305 1631 non
322 1583 352 1631 at
370 1592 416 1646 epo
435 1593 485 1630 scr.
506 1594 568 1630 cum
588 1577 645 1632 cod.
665 1576 722 1633 Erf.
742 1577 771 1631 et
786 1575 870 1632 Orell.
886 1577 985 1646 (1826.)
1005 1607 1038 1614 -
1061 1592 1125 1644 pag.
1140 1580 1182 1643 86,
1204 1580 1228 1629 7.
1242 1591 1314 1644 prae

150 1663 190 1702 me
208 1649 295 1715 seram
313 1664 364 1702 scr.
384 1664 406 1701 c.
426 1647 508 1702 01111.
533 1665 584 1718 pro
597 1649 763 1716 praeferam.
787 1678 823 1686 -
844 1663 908 1717 pag.
935 1652 977 1714 81,
1002 1653 1026 1700 8.
1050 1647 1138 1715 Atqui
1160 1663 1210 1716 pro
1234 1651 1313 1715 atque

146 1736 214 1772 cum
228 1717 313 1774 Orell.
327 1749 361 1757 —
378 1723 418 1772 15.
432 1720 566 1788 propriae
583 1719 687 1774 inserui
704 1721 769 1788 post
783 1720 949 1773 concurrunt
963 1734 1026 1772 cum
1039 1717 1111 1772 Keil.
1123 1735 1149 1786 p.
1167 1722 1208 1771 11.
1224 1715 1312 1786 Saepe
1408 1765 1412 1782 ,

144 1789 299 1844 conturbor
335 1791 430 1858 rapter
448 1789 605 1858 aliquorum
622 1790 692 1844 bene
715 1789 749 1844 de
767 1806 811 1844 me
834 1789 996 1843 meritorum
1018 1788 1091 1842 inter
1108 1786 1183 1858 ipsos
1201 1789 1313 1842 conten·

149 1860 251 1915 tiones:
269 1859 302 1914 A.
349 1860 401 1915 och
423 1859 564 1916 Portensis
585 1877 635 1930 per
652 1860 761 1915 litteras
784 1859 867 1914 scribi
889 1859 977 1914 iussit.
1002 1891 1035 1898 -
1061 1875 1125 1928 pag.
1144 1864 1186 1927 89,
1207 1864 1248 1912 10.
1271 1857 1313 1912 Ex

150 1931 243 1986 verbis
260 1932 377 1986 nimium
394 1936 503 2000 pratum
520 1947 573 1986 esse
586 1931 728 1986 concedam
746 1930 810 1985 Keil
832 1948 858 2000 p.
875 1937 915 1985 13.
934 1935 1044 2001 pratum
1062 1928 1156 1998 eiecit,
1175 1929 1312 1998 glossema

149 2001 290 2058 odoratus.
315 2033 347 2042 —
371 2018 435 2072 pag.
460 2008 502 2071 90,
526 2008 550 2057 5.
574 2018 627 2072 qna
649 2003 727 2057 modo
749 2003 909 2071 frequentur
931 2002 1085 2056 extremam
1110 2017 1170 2056 voc.
1195 2017 1311 2069 expunx.

151 2071 256 2142 Campe
274 2092 301 2143 p.
320 2079 380 2128 270.
400 2104 433 2114 -
452 2091 515 2144 pag.
536 2079 579 2142 93,
598 2079 623 2127 5.
642 2073 725 2128 Uncis
744 2072 850 2126 inclusa
869 2072 983 2142 (lampio
1000 2071 1165 2127 inconcinna
1182 2071 1312 2125 videntur

148 2145 179 2198 et
196 2144 278 2213 plane
296 2143 400 2214 inepta.
419 2163 446 2214 p.
466 2151 575 2199 171-
594 2150 619 2199 9.
638 2160 753 2214 quorum
770 2145 838 2199 alter
856 2145 1002 2198 1111111111
1014 2143 1147 2212 perdidit,
1166 2143 1312 2197 11111111·

145 2215 220 2269 didit
238 2217 333 2284 emptis
346 2217 508 2284 procinctu,
526 2232 598 2284 quac
616 2215 781 2284 legebantur
798 2215 1051 2284 postdeclammmt
1064 2213 1184 2283 expunxi
1197 2215 1312 2283 propter

149 2285 296 2354 Campium
317 2304 345 2354 p.
369 2292 429 2342 273.
457 2317 491 2326 —
518 2301 582 2355 pag.
602 2292 644 2356 94,
665 2293 678 2341 1
699 2317 732 2326 --
752 2291 794 2354 95,
815 2292 838 2340 1.
861 2285 944 2340 Uncis
965 2285 1066 2340 inclusi
1089 2286 1122 2338 ut
1146 2284 1246 2354 spuria.
1276 2284 1309 2338 cl.

147 2355 253 2424 Campe
270 2374 297 2425 p.
317 2361 377 2410 271.
397 2374 436 2478 sp.
465 2387 497 2396 -
526 2374 590 2426 pag.
610 2363 652 2426 95,
670 2364 696 2413 8.
715 2373 792 2427 quem
806 2357 928 2426 profecto
946 2372 1003 2410 non
1020 2356 1142 2410 videbam
1159 2357 1223 2424 post
1240 2355 1311 2409 uide·

148 2443 204 2482 rem
223 2425 304 2481 omisi
322 2443 385 2480 cum
429 2443 533 2496 egems.
554 2429 583 2482 et
600 2427 656 2483 arf.
676 2428 761 2484 Codd.
780 2459 814 2468 -
833 2427 936 2484 Totum
954 2428 1027 2482 hunc
1044 2427 1137 2481 locum
1155 2424 1312 2497 depositum

148 2514 259 2552 sanasse
278 2497 331 2552 sibi
349 2497 423 2551 visus
443 2498 485 2552 est
499 2496 629 2567 Campius
647 2518 674 2568 p.
693 2504 753 2554 273.
768 2515 831 2553 cum
848 2499 922 2553 hunc
939 2498 1086 2552 verborum
1105 2497 1229 2552 ordinem
1248 2514 1310 2552 con·

146 2567 289 2623 stituerot:
307 2567 409 2622 Dixisti
427 2568 501 2622 enim
519 2584 574 2622 non
592 2569 727 2624 auxilium
744 2570 815 2624 mihi
834 2570 943 2640 -quis
960 2569 1065 2624 nescit?
1084 2567 1152 2622 Erat
1170 2585 1226 2623 non
1243 2568 1311 2636 iure,

145 2656 204 2694 non
221 2638 379 2709 legibus-
394 2639 448 2693 fuit
466 2638 662 2695 dimicandum.
689 2640 772 2694 Vinci
789 2643 884 2695 autem
897 2640 1084 2709 improbos-
1100 2655 1159 2693 1111
1178 2639 1309 2694 defendit.

148 2709 281 2765 Consules
299 2711 364 2779 post
385 2709 529 2764 hominum
552 2709 715 2764 memoriam
732 2711 886 2766 taeterrimi
909 2712 993 2779 atque
1016 2709 1168 2778 turpissimi
1185 2741 1219 2748 -
1239 2709 1311 2764 servi

147 2781 177 2834 in
203 2781 329 2836 dominos
357 2782 544 2836 armabantur.
589 2781 668 2836 Nihil
695 2780 757 2836 dico
782 2781 954 2852 amplius-
972 2781 1110 2836 videbam.
1126 2783 1129 2790 “
1147 2779 1230 2835 Hisce
1258 2797 1310 2850 ego
1360 2823 1364 2832 .

147 2851 258 2906 auxiliis
277 2851 373 2906 salutis
391 2868 471 2906 meae
490 2851 513 2906 si
531 2851 633 2906 idcirco
652 2852 728 2907 defui
746 2855 799 2907 cet.
821 2883 854 2892 -
872 2869 937 2923 pag.
956 2859 998 2920 96,
1018 2858 1044 2906 2.
1062 2851 1144 2905 Esset
1162 2852 1214 2906 cet.
1233 2849 1310 2905 uncis

147 2922 247 2978 seclusi
264 2924 378 2992 propter
396 2922 541 2991 (tempium
559 2940 623 2994 pag.
642 2929 701 2978 272.
720 2953 756 2963 -
769 2939 834 2994 pag.
854 2929 896 2991 97,
917 2929 957 2978 15.
987 2922 1067 2988 Quod
1084 2923 1116 2977 in
1132 2938 1173 2976 me
1187 2921 1311 2991 sequitur

145 2993 177 3047 in
195 2993 272 3049 codd.
291 2994 431 3048 retinendo
449 2993 541 3049 delevi
559 3011 622 3048 cum
640 2994 862 3050 additamentum
880 3010 940 3048 esse
953 2994 1089 3048 videatur.
1104 3023 1138 3033 —
1152 3009 1215 3062 pag.
1226 2998 1269 3061 98,
1284 2998 1309 3048 3.

145 3065 286 3120 1111111111
304 3064 379 3134 quod
396 3065 500 3134 legitur
516 3067 580 3134 post
597 3066 721 3134 cipiliam
739 3082 856 3135 expunx.
877 3064 965 3120 Cobet
982 3083 1008 3135 p.
1024 3070 1083 3119 327.
1094 3094 1127 3104 -
1142 3080 1206 3134 pag.
1226 3069 1268 3131 99,
1284 3069 1308 3118 4.

143 3149 203 3188 non
224 3135 303 3190 debeo
326 3135 422 3205 scripsi
444 3153 507 3190 cum
533 3136 648 3206 (lampio
670 3154 697 3205 p.
722 3143 773 3191 273
798 3153 848 3208 pro
872 3153 904 3191 eo
931 3135 1005 3205 quod
1030 3136 1072 3189 est
1098 3135 1128 3188 in
1154 3133 1232 3199 libris
1254 3150 1311 3189 non

145 3207 249 3260 (111111.
264 3221 301 3246 -’
311 3222 375 3278 pag.
396 3212 455 3275 111,
476 3213 517 3262 10.
536 3213 709 3262 monumenta
727 3223 760 3262 ae
778 3208 883 3262 litterae
899 3205 1175 3275 eumprocederent
1193 3204 1258 3260 dedi
1276 3206 1310 3260 de

145 3293 216 3331 meo.
241 3277 325 3333 Oodd.
350 3279 466 3334 habent:
494 3278 666 3333 monimenta
691 3278 769 3333 nobis
795 3278 906 3332 litterae
928 3277 1117 3348 prodidenmt.
1142 3307 1174 3316 -
1200 3283 1240 3332 18.
1265 3295 1309 3332 ar·

145 3362 207 3402 cem.
223 3349 344 3402 Koohius
358 3367 436 3404 meus
449 3349 590 3405 Portensis
604 3366 699 3404 arcum
711 3348 739 3403 le
760 3349 766 3361 '
781 3365 832 3418 per
844 3349 952 3404 litteras
965 3348 1053 3403 iussit.
1063 3379 1097 3387 -
1111 3363 1176 3430 pag.
1192 3353 1251 3417 103,
1267 3355 1308 3402 10.

145 3416 284 3472 Kochium
314 3418 373 3474 iure
401 3419 572 3490 offendebat,
601 3421 677 3490 quod
703 3419 740 3474 ha
760 3423 809 3475 ent
834 3419 899 3475 libri
924 3419 1091 3489 1111111111,ι
1116 3435 1176 3474 iure
1202 3418 1311 3473 monuit

148 3487 299 3557 legendum
317 3504 374 3542 esse
391 3491 468 3544 111111
481 3493 577 3559 potius
594 3493 623 3546 in
641 3491 710 3546 Mus.
729 3491 816 3546 Rhen.
835 3491 908 3545 XIII.
926 3509 953 3561 p.
968 3497 1027 3546 285.
1043 3521 1076 3531 -
1092 3497 1237 3544 12111111
1254 3506 1310 3544 non

145 3559 233 3612 annis
255 3557 344 3640 estin
366 3558 433 3614 (lod.
451 3561 525 3616 Mon.
547 3561 574 3615 b.
593 3562 674 3617 Laur.
698 3579 721 3616 c.
740 3592 774 3601 -
792 3578 856 3630 pag.
876 3567 940 3628 104,
959 3567 975 3616 2
995 3563 1032 3617 ad
1055 3561 1203 3616 Plancium
1221 3559 1309 3684 guae·

145 3634 249 3684 ctorem.
286 3629 332 3684 Src
351 3646 384 3684 ex
402 3630 561 3686 coniectura
577 3633 704 3687 Manutii.
718 3663 753 3672 —
767 3632 848 3686 Laur.
868 3633 894 3687 b.
912 3632 1058 3688 Plancium
1076 3648 1194 3702 quoque.
1245 3630 1308 3686 aris.

145 3716 169 3754 a.
191 3698 347 3765 Plancium
375 3701 477 3770 reliqui
504 3703 710 3772 Planciumque.
732 3733 767 3742 -
789 3719 852 3772 pag.
879 3709 937 3771 105,
956 3709 982 3760 4.
1007 3705 1036 3758 11
1057 3721 1098 3758 me
1123 3701 1222 3757 iteravi
1246 3717 1309 3756 cum

145 3771 251 3826 Monac.
270 3771 297 3826 b.
316 3771 445 3828 Lament.
465 3790 488 3828 1.
502 3773 646 3828 Francian.
662 3791 682 3828 s.
697 3803 731 3813 -—
751 3773 849 3829 Orelli:
868 3774 897 3828 vi
915 3791 968 3844 me,
986 3774 1015 3829 vi
1033 3775 1156 3844 inquam.
1167 3804 1198 3813 -
1214 3773 1310 3828 Baiter

145 3844 175 3896 et
191 3832 282 3896 Halm
294 3842 379 3898 semel
397 3844 426 3897 oi
442 3860 492 3910 nu,
509 3845 631 3914 inquam.

567 4054 883 4067 ——t-a—
