3014 4876
147 283 149 292 .
203 237 246 300 56
360 268 363 278 ·
389 239 392 246 '
540 233 613 287 PRO
633 233 691 288 CN.
710 231 870 286 PLANCIO
890 231 1036 285 ORATIO.

150 385 195 450 41
209 395 305 452 tutum
329 395 390 457 est,
414 402 503 464 cogas
525 403 642 455 causam
666 385 703 452 de
726 383 852 447 fortunis
875 384 1013 447 omnibus
1036 383 1155 446 diceret
1191 384 1258 446 Non
1281 387 1373 456 enim,
1483 387 1484 458 ζ

202 477 229 534 si
258 479 310 535 aut
330 469 468 533 Plancius
495 472 534 531 ila
563 472 650 540 vixit,
685 479 719 530 ut
746 470 912 532 offenderet
939 472 1038 530 sciens
1066 470 1231 541 neminem,
1263 477 1316 532 aut
1342 479 1374 532 tu
1483 483 1484 498 ¹

203 559 243 618 ita
267 557 393 626 errasti,
423 563 457 616 ut
479 573 530 618 eos
553 553 673 615 ederes¹
688 553 877 634 imprudens,
906 559 938 613 ut
965 571 1021 614 nos
1047 554 1138 614 invito
1160 559 1190 614 te
1218 562 1316 616 tamen
1338 555 1376 617 ad
1483 567 1484 624 g

200 640 326 710 iudices,
349 658 409 701 nou
432 639 468 702 od
491 639 645 700 carnifices
670 641 855 709 veniremus,
877 637 990 698 idcirco
1004 638 1062 700 ista
1084 637 1176 699 editio
1189 655 1244 716 pei
1266 656 1299 699 se
1313 656 1373 700 nou
1483 635 1484 646 ’

202 723 310 788 acerba
333 730 387 785 est.
614 781 618 790 ,
674 775 675 785 ,
1393 734 1410 784 5

291 794 378 870 XVll.
424 808 468 869 An
490 825 561 869 vero
585 825 680 887 nuper
709 805 865 870 clarissimi
893 807 973 867 cives
994 824 1103 868 nomen
1133 806 1250 868 editicii
1269 806 1375 869 iudicis
1483 883 1484 892 ἵ

212 911 270 955 nou
294 891 435 962 tulerunt,
459 908 550 969 quum
574 909 610 952 ex
634 910 713 952 oxxv
735 890 892 960 iudicibus,
916 890 1101 970 principibus
1124 894 1273 971 equestris
1294 891 1374 952 ordi·
1483 901 1484 976 j

210 979 272 1048 nis,
301 978 433 1056 quinque
462 987 491 1036 et
511 997 573 1037 cxx
595 993 665 1038 reus
691 977 833 1046 reiceret,
862 989 884 1035 1.
912 977 1060 1046 referret,
1091 977 1248 1055 omniaque
1270 976 1376 1054 ,potius

208 1062 460 1140 permiscuerunt,
495 1060 635 1140 quamsi
663 1058 725 1138 legi
751 1059 979 1140 condicionique
1007 1069 1162 1139 parerent:
1197 1077 1253 1122 nos
1278 1077 1376 1140 neque
1483 1123 1484 1136 χ

90 1164 94 1172 ’
204 1163 240 1206 ex
263 1144 386 1207 delectis
407 1142 567 1214 iudicibus,
591 1143 644 1205 sad
667 1161 703 1205 ex
725 1146 807 1206 omni
828 1143 954 1224 populo,
983 1161 1080 1223 neque
1102 1143 1198 1206 editos
1219 1144 1257 1206 ad
1285 1146 1432 1205 reici-10
1483 1153 1484 1216 ζ

209 1229 329 1299 endum,
355 1227 407 1290 sed
429 1226 467 1289 ab
490 1235 662 1289 accusatore
678 1230 854 1290 constitutos
868 1227 982 1290 iudices
1003 1230 1042 1288 ita
1057 1229 1204 1298 feremus,
1228 1236 1261 1290 ut
1281 1229 1376 1291 nemi·
1483 1269 1484 1298 3

152 1310 275 1378 42nem
304 1312 482 1378 reiciamusl
525 1311 630 1391 Neque
658 1329 713 1390 ego
746 1331 827 1374 nunc
853 1311 928 1391 legis
955 1312 1148 1392 iniquitatem·
1169 1329 1295 1389 queror,
1323 1311 1375 1373 sed
1483 1307 1484 1370 J

205 1398 316 1459 lactum
338 1404 422 1458 tuum
444 1415 461 1456 a
483 1399 631 1458 sententia
652 1393 728 1474 legis
750 1395 845 1458 doceo
872 1395 1056 1475 discrepare:
1088 1403 1118 1458 et
1139 1395 1211 1457 illud
1235 1396 1375 1460 acerbum
1483 1427 1484 1466 ;

206 1482 348 1544 iudicium
369 1484 411 1551 si,
446 1497 533 1560 quem
562 1479 599 1541 ad
628 1479 748 1541 modum
775 1487 896 1542 senatus
924 1480 1040 1542 censuit
1066 1479 1253 1560 populusque
1282 1482 1374 1550 iussit,
1483 1479 1484 1546 l

206 1568 247 1628 ita
269 1566 407 1636 fecisses,
436 1570 470 1626 ut
491 1563 561 1626 huic
583 1571 612 1624 et
639 1582 723 1626 suam
745 1571 776 1626 et
796 1564 833 1626 ab
855 1563 914 1624 hoc
943 1563 1114 1625 observatas
1141 1564 1239 1626 tribus
1261 1564 1375 1634 ederes,
1396 1577 1432 1628 ts
1483 1551 1484 1626 l

207 1665 268 1710 non
290 1648 379 1710 modo
402 1667 461 1709 non
485 1665 642 1725 quererer,
671 1648 723 1710 sed
746 1647 826 1710 hunc
849 1649 885 1710 iis
906 1647 1055 1710 iudicibus
1078 1649 1179 1718 editis,
1211 1651 1263 1727 qui
1285 1649 1377 1712 iidem
1483 1639 1484 1708 l

206 1741 298 1794 testes
321 1750 385 1794 esse
407 1740 544 1812 possent,
575 1731 745 1795 absolutum
771 1739 925 1813 putarem:
950 1750 1047 1813 neque
1075 1749 1155 1794 nunc
1176 1733 1269 1796 multo
1291 1751 1378 1794 secus

206 1819 351 1880 existimo.
397 1819 470 1879 Cum
501 1817 579 1877 enim
609 1816 663 1877 has
690 1815 788 1880 tribus
817 1816 951 1886 edidisti,
977 1818 1087 1894 ignotis
1109 1826 1140 1879 te
1161 1817 1312 1879 iudicibus
1334 1819 1377 1878 uti
1483 1859 1484 1904 ,

206 1900 294 1964 malle
316 1919 405 1981 quam
433 1901 512 1962 notis
540 1900 720 1962 indicavisti:
747 1900 848 1980 fugisti
876 1902 1053 1963 sententiam
1082 1901 1168 1980 legis:
1199 1902 1379 1983 aequitatem
1483 1905 1484 1984 l

207 2003 326 2047 omnem
348 1985 497 2046 reiecisti:
520 1983 700 2047 intenebris
722 2003 812 2066 quam
827 1985 857 2046 in
879 1983 945 2047 luce
961 2003 1080 2048 causam
1102 1988 1216 2047 versari
1237 1986 1377 2048 maluisti.
1396 1997 1433 2047 20
1483 1993 1484 2074 q

154 2065 196 2130 43
208 2069 336 2132 Voltinia
362 2068 459 2131 tribus
486 2068 524 2130 ab
552 2067 609 2129 hoo
637 2076 794 2149 corrupta:
831 2069 1025 2131 Terentinam
1059 2067 1206 2131 habuerat
1233 2069 1378 2133 venalem.

207 2153 287 2226 Quid
322 2153 437 2215 diceret
466 2153 544 2233 apud
575 2151 774 2215 Voltinienses
803 2161 854 2214 aut
881 2154 958 2234 apud
991 2153 1117 2215 tribules
1146 2149 1216 2216 suos
1244 2155 1379 2216 iudices?
1483 2179 1484 2196 .

209 2239 304 2300 immo
327 2255 397 2299 vero
421 2244 453 2298 tu
475 2235 546 2316 quid
570 2235 703 2298 diceres?
748 2255 836 2316 quem
865 2238 995 2300 indicem
1025 2257 1061 2298 ex
1087 2236 1146 2298 illis
1172 2247 1225 2302 aut
1253 2242 1377 2302 tacitum
1483 2203 1484 2282 l

207 2329 314 2383 testem
342 2321 470 2382 haberes
491 2329 543 2382 aut
568 2339 639 2382 vero
667 2322 756 2384 etiam
784 2321 948 2384 excitares?
991 2321 1108 2384 Etenim
1131 2324 1157 2384 si
1183 2340 1254 2385 rens
1282 2323 1381 2384 trihus

209 2405 322 2474 ederet,
345 2405 504 2466 Voltiniam
520 2406 647 2468 tortasse
661 2404 803 2467 Plancius
816 2413 942 2485 propter
961 2406 1215 2469 uecessitudinem
1228 2426 1262 2470 ac
1274 2409 1381 2470 vicini·
1399 2417 1436 2466 25
1483 2403 1484 2474 l

213 2495 319 2559 tatem,
349 2506 433 2551 suam
462 2507 533 2550 vero
561 2497 643 2552 certe
672 2489 823 2556 edidisset.
866 2488 920 2550 Vel
943 2492 967 2551 si
990 2492 1143 2569 quaesitor
1164 2491 1234 2552 huic
1249 2490 1383 2553 edendus
1483 2495 1484 2544 l

208 2709 267 2784 ·4.
285 2705 430 2786 corpifiees
451 2703 514 2757 sind
533 2703 576 2787 die
593 2703 710 2759 Richter
727 2707 768 2764 als
820 2693 955 2759 Richtern
974 2704 1102 2774 gemacht
1119 2708 1224 2789 liast-
1238 2707 1382 2760 nichtniel
1483 2711 1484 2718 ’

138 2791 140 2800 .
206 2770 397 2838 inexorabiles,
414 2771 566 2840 inhumani,
586 2771 715 2828 crudeles.
820 2773 918 2827 andeis
951 2773 1093 2827 verlanien
1127 2774 1211 2840 wird3
1246 2792 1276 2828 er
1309 2774 1382 2828 wird
1483 2835 1484 2848 ἵ

246 2859 320 2910 1-5,
339 2853 404 2910 Nm,
417 2857 593 2909 enim-m
606 2859 705 2911 amq„
718 2867 767 2912 „pn
815 2841 891 2894 ‘auch
907 2859 938 2895 so
956 2841 1178 2911 frelgesproclien
1196 2843 1315 2895 werden.

207 2921 260 2975 Die
278 2921 476 3043 Βοξοίοὴιιιιηῗ
491 2921 539 2976 der
550 2921 664 3004 {lichtst
680 2923 768 2979 durcli
837 2930 896 3006 ⁸20.
923 2926 954 2978 in
978 2927 1098 3008 tenebris
1121 2949 1155 2970 ε
1176 2925 1280 3009 ignotis
1304 2926 1381 2979 iudi·

209 2990 262 3042 den
280 2989 385 3058 Klager
405 2989 459 3042 blei
478 2995 491 3043 t
511 2987 675 3059 gleiohwohl
696 2993 768 3051 liert,
821 2993 912 3060 cibus,
938 3007 1006 3061 quos
1033 2993 1159 3048 divinare
1185 3010 1271 3047 mavis
1297 3010 1382 3063 quini
1483 3069 1484 3072 Ἴ

244 3078 268 3130 6.
287 3077 333 3128 Ari
351 3092 524 3128 uero-non
542 3077 679 3132 tulerunt.
718 3076 769 3129 Bei
819 3059 898 3115 ⁸⁰51ss-
934 3064 1019 3142 §11⁶5
1085 3128 1093 3143 ‚
1137 3127 1144 3144 ,
1354 3127 1363 3142 ,

213 3141 271 3195 Cic.
291 3141 402 3209 haiofige
413 3141 571 3196 Redeweise
583 3142 612 3196 in
624 3141 673 3196 der
684 3161 769 3212 argu·
846 3131 896 3208 ΡΙ·
913 3127 1196 3210 Ῡθῑῑῑπῑῧῖωᾶῑθθθ·
1214 3130 1320 3195 wilm,
1334 3128 1383 3180 ‘¹¹⁰

211 3209 345 3262 mentatio
372 3226 404 3262 ex
425 3209 583 3276 contrario,
611 3227 635 3264 ι.
659 3209 692 3264 Β.
716 3229 768 3282 pro
821 3193 1074 3278 ⁰¹⁰·q0m1‘⁸l·¹¹¹
1091 3194 1319 3277 ‘¹0¹¹Mflssdlqssli
1339 3195 1382 3248 ²¹⁸

213 3275 291 3328 Sulla
308 3279 350 3330 32.
379 3277 423 3330 An
441 3293 507 3330 vero
526 3293 615 3332 nenio.
821 3261 1025 3330 Βθέῗΰῦᾱΰΰέ,
1051 3260 1170 3345 Whfflb
1196 3263 1296 3344 ΨΜ
1317 3279 1382 3316 '⁰¹ss

244 3360 395 3412 clarissimi
407 3362 592 3415 cioca-edit.
605 3362 664 3416 tou.
683 3363 769 3431 vergi.
819 3329 864 3412 Pl·
889 3329 1073 3383 bat⁰⁰h⁶¹¹⁰n
1090 3330 1193 3383 Tubu
1216 3329 1294 3384 mm
1316 3347 1382 3383 'um

215 3424 290 3478 mul·
308 3429 332 3490 3‘
355 3431 395 3480 η
820 3395 1010 3450 Richteramte
1027 3397 1149 3450 berulen.

448 3511 455 3526 ,
487 3511 494 3525 .
537 3513 543 3526 ,
854 3467 896 3518 23.
917 3465 1003 3517 inimo
1029 3483 1093 3518 uero
1116 3473 1163 3532 iat,
1189 3465 1263 3518 tunt.
1290 3467 1313 3527 5.
1336 3470 1382 3518 33.

241 3512 267 3562 8.
277 3513 390 3574 referre,
399 3527 437 3563 sc.
446 3527 474 3564 in
485 3512 767 3570 iudicumnuinorum.
820 3531 851 3583 z,
874 3534 900 3595 ς,
921 3536 981 3586 977,
1006 3530 1064 3588 cp„¹
1092 3537 1256 3600 ,ntgegnetg
1282 3530 1381 3587 Luper·

208 3574 355 3629 Vielleioht
381 3576 419 3630 iet
439 3579 573 3633 retineret
589 3597 625 3633 ou
643 3581 728 3638 lesen.
819 3597 920 3651 mame
953 3597 1084 3652 vielmehr
1116 3617 1168 3652 vor
1196 3598 1287 3656 alimen
1315 3615 1383 3652 ver·
1483 3591 1484 3648 l

212 3661 768 3785 Αῧωρὶᾞίοέεςυηὲἱξὶοῃίἒοωοιιέἰοδοτ
820 3671 971 3785 sztnuimen‚
998 3673 1093 3786 untelp·l
1106 3666 1195 3787 dgugn
1221 3684 1253 3720 er
1262 3666 1382 3786 ηὶιίῗὶιιοιι

465 3768 472 3783 .
610 3750 624 3784 r
732 3774 738 3786 .
1094 3772 1100 3786 .
1329 3773 1336 3787 .

247 3749 770 3867 15.atrewatae=quiilbafflvllde
846 3749 1064 3870 etllqelulilifflc.
1084 3751 1277 3856 Terlnlilell
1311 3750 1327 3786 e

208 3863 341 3918 Plancius
366 3863 473 3920 colebat
496 3864 651 3948 amicaeque
668 3868 769 3922 retine·
872 3868 1384 3937 coemtoriit·derjedeameligePrae-

133 3941 135 3946 '
208 3933 267 3986 bat.
306 3931 422 3988 observ.
444 3932 475 3986 in
498 3932 558 3986 dem
582 3934 669 3987 Smne
694 3935 770 3989 wohl
820 3887 912 3990 sitllint
928 3936 1003 3990 eines
1019 3935 1170 3989 stehenden
1188 3935 1384 3990 Geriolttsltofs
1483 3927 1484 3968 i

210 4015 264 4052 nur
280 3999 348 4053 hier.
377 4000 463 4068 verql.
482 4003 508 4064 s.
528 4005 573 4054 45.
822 4003 914 4069 (einer
948 4004 1071 4074 quaestio
1110 4005 1266 4073 penetus).
1319 4003 1385 4058 sete

245 4072 286 4120 17.
312 4085 347 4121 ne
365 4085 401 4122 ue
417 4069 684 4124 nanc-esiati'ino.
719 4069 769 4123 Ich
821 4071 901 4125 Sulla
917 4070 959 4124 bis
978 4071 1029 4124 auf
1035 4070 1139 4125 Caesar
1151 4023 1216 4137 (lito
1227 4070 1259 4124 C.
1271 4076 1315 4135 42,
1333 4071 1383 4134 61)
1483 4119 1484 4126 ,

211 4132 315 4202 dentre,
340 4085 414 4216 (lem.
425 4134 468 4188 die
485 4136 574 4217 §solie
597 4136 669 4190 auch
686 4154 718 4190 eo
734 4167 770 4178 -
821 4138 875 4206 gab
894 4155 922 4192 ee
935 4138 1000 4192 nolit
1012 4138 1176 4206 Praetorem,
1193 4146 1276 4192 uuter
1287 4137 1381 4191 denen

206 4199 243 4252 da
268 4200 305 4253 du
333 4203 450 4256 namholi
480 4204 557 4256 nieht
578 4203 622 4256 dic
643 4202 694 4258 der
716 4203 769 4258 Be·
821 4207 869 4259 dai
891 4205 966 4260 Looi
987 4206 1139 4266 entsehied,
1167 4205 1297 4258 welolreui
1321 4205 1383 4258 Ge-

205 4266 342 4335 stechung
374 4269 569 4340 verdiohtigeu
599 4271 702 4326 Tribus
732 4289 767 4326 su
820 4272 958 4328 riclitsliot
979 4273 1019 4327 sie
1045 4273 1090 4328 iiii
1116 4273 1161 4326 die
1186 4274 1281 4326 Deuer
1306 4271 1385 4326 iures
