3014 4876
199 251 243 316 30
541 251 615 302 nno
626 236 690 308 ou.
709 249 869 302 rnauo1o
888 248 1036 304 onarro.

202 409 248 467 ria
270 407 478 483 praerogativa
500 411 621 474 tantumv
637 402 727 465 habet
748 405 949 475 auctoritatis,
972 412 1005 466 ut
1027 421 1115 468 nemo
1138 419 1266 482 uuquam
1290 404 1374 480 prior

202 507 266 551 eam
289 488 392 551 tuterit
419 491 491 569 quin
521 489 713 550 renunciatus
735 490 774 550 sit
795 493 848 550 aut
869 491 907 550 iis
935 490 1008 569 ipsis
1035 488 1162 549 comitiis
1190 485 1294 548 eousui
1322 491 1374 548 aut

201 579 283 634 oerte
305 573 335 634 in
358 571 441 636 ilium
470 589 595 634 annum:
623 571 750 633 aedilem
769 581 806 635 tu
827 571 981 639 Plancium
1008 573 1117 633 iactum
1148 588 1212 632 esse
1245 572 1371 636 miraris.

202 659 234 719 in
257 675 315 738 quo
337 674 399 718 non
421 658 526 734 exigua
547 675 617 736 pars
631 655 748 737 popuii,
777 658 829 720 aad
857 657 1014 720 universus
1040 654 1170 736 populns
1191 653 1372 716 uoluntatem

202 762 287 806 suam
319 741 492 810 declararit,
538 741 622 802 ouius
651 742 680 802 in
713 741 829 803 honore
857 759 917 803 non
951 741 1039 804 unius
1069 739 1165 801 tribus
1198 755 1286 818 pars,
1320 737 1408 798 sedo
1481 747 1482 752 ’

148 821 324 889 bOcornitia
345 834 406 887 tota
429 826 540 887 inerint
561 826 785 905 praerogatiua?
823 825 887 897 Quo
909 825 1032 906 quidem
1055 831 1205 904 tempore,
1235 823 1373 884 Lateren-

201 917 263 980 sis.
300 915 328 972 si
353 910 384 972 id
411 911 513 972 iateere
544 908 689 971 voluisses
717 917 768 970 aut
795 912 820 972 si
852 912 1008 988 gravitatis
1026 926 1103 970 ‘esse
1129 917 1264 988 putasses
1291 915 1372 975 tuae,
1481 965 1482 972 ,

202 993 281 1076 quod
315 995 402 1057 multi
429 991 545 1056 nobiles
577 1009 666 1073 saepe
694 995 847 1069 iecerunt,
882 1002 931 1064 ut,
971 1012 1039 1054 oum
1076 995 1176 1054 minus
1213 991 1373 1053 valuissent

201 1080 352 1162 suffragiis
379 1096 467 1159 quarn
497 1085 666 1156 putassent.
703 1086 804 1158 postea
834 1079 960 1158 prolatis
988 1078 1116 1140 comitiis
1149 1083 1375 1156 prosternerent
1481 1151 1482 1164 χ

199 1184 232 1226 se
255 1173 286 1226 ot
307 1163 419 1244 popuio
441 1162 575 1222 Romano
599 1160 693 1222 fracto
716 1165 814 1224 animo
837 1171 926 1243 atque
949 1160 1056 1224 humili
1077 1161 1288 1241 suppliearent·
1311 1177 1371 1221 non
1390 1165 1429 1214 10
1481 1171 1482 1194 ι

152 1245 156 1258 ’
202 1247 308 1310 dubito
337 1249 409 1326 quin
436 1248 535 1308 omnis
564 1263 597 1306 se
624 1245 661 1305 ad
689 1252 719 1307 te
754 1264 935 1308 conversura
964 1248 1054 1308 fuerit
1081 1245 1249 1307 multitudo.
1293 1244 1374 1306 Nun·
1481 1241 1482 1274 ³

202 1336 291 1413 quarn
312 1333 390 1392 enim
414 1331 479 1391 iere
508 1327 662 1398 nobilitas,
695 1333 812 1410 integra
841 1333 1019 1412 praesertim
1048 1338 1135 1411 atque
1162 1332 1323 1397 innocens,
1356 1345 1373 1387 a
1481 1349 1482 1382 ι

202 1414 314 1497 populo
334 1415 469 1476 Romano
491 1414 615 1494 supplex
637 1413 793 1495 repudiata
816 1423 871 1478 est.
916 1414 974 1478 Sed
997 1418 1023 1476 si
1046 1413 1100 1476 tibi
1123 1414 1251 1494 gravitas
1272 1420 1322 1474 tua
1344 1420 1376 1472 et
1481 1383 1482 1472 1

202 1499 375 1578 magnitudo
398 1499 489 1558 animi
516 1498 611 1577 pluris
633 1499 706 1569 tuit,
737 1497 843 1580 [siouti
871 1518 937 1562 esse
960 1497 1076 1580 debuit]
1106 1516 1195 1579 quana
1223 1496 1373 1567 aedilitas,
1481 1497 1482 1542 t

203 1586 278 1654 noti.
303 1602 371 1645 curn
394 1581 504 1644 habeas
532 1582 578 1649 iu,
602 1583 680 1664 quod
709 1583 859 1655 malueris,
883 1583 1055 1647 desiderare
1077 1582 1123 1652 id,
1146 1582 1225 1661 quod
1248 1582 1373 1642 minoris
1391 1585 1428 1635 15

201 1668 323 1748 putaris.
367 1666 512 1748 Equidem
527 1670 659 1744 primunr
681 1674 715 1730 ut
729 1667 843 1730 honore
859 1668 967 1748 dignus
987 1685 1083 1730 essem
1106 1670 1234 1728 maxime
1256 1683 1375 1746 sempor
1481 1675 1482 1748 t

202 1753 350 1815 laborari:
382 1751 514 1813 seeundo
543 1759 576 1814 ut
604 1752 806 1814 existimarer:
839 1756 958 1815 tertium
987 1751 1059 1813 mibi
1086 1751 1144 1813 fuit
1171 1749 1261 1820 iilud,
1295 1749 1376 1831 quorl
1481 1763 1482 1836 t

202 1836 353 1920 plerisque
387 1838 517 1917 primum
546 1843 604 1905 est,
638 1838 703 1914 ipse
735 1835 842 1899 honos:
880 1839 932 1918 qui
963 1839 1000 1898 iis
1034 1835 1165 1916 denique
1194 1834 1281 1896 debet
1310 1852 1375 1895 esse
1481 1837 1482 1910 1

202 1923 365 1992 ineundum
400 1938 529 2001 qnorum
566 1919 702 1998 dignitati
728 1921 857 2002 populus
884 1922 1036 1983 Romanus
1062 1923 1281 1989 testimonium,
1315 1935 1376 1980 non
1481 1947 1482 1976 t

202 2006 380 2068 beneficium
404 2003 558 2066 ambitioni
580 2004 672 2067 dedit.
873 2047 875 2054 ,
1481 2003 1482 2064 t

150 2089 192 2154 51
289 2089 365 2152 XXI.
409 2089 535 2161 Quaeris
558 2091 661 2159 etiam,
689 2089 872 2160 Laterensis,
901 2089 974 2171 quid
996 2088 1177 2168 imaginibus
1198 2091 1275 2158 tuis,
1305 2085 1377 2165 quid
1481 2079 1482 2148 t

205 2177 395 2237 ornatissimo
411 2181 498 2252 atque
521 2174 633 2252 optimo
655 2176 735 2243 viro,
759 2177 924 2254 patrituo,
949 2174 1132 2256 respondeas
1146 2181 1276 2235 mortuo.
1311 2169 1378 2233 Noti
1481 2179 1482 2198 ¹

202 2388 341 2443 wbbnlicb
367 2387 411 2440 die
437 2387 553 2454 Tribus,
579 2389 663 2441 deren
690 2390 763 2444 Oen-
850 2395 875 2444 6.
903 2391 1015 2444 comitio
1042 2399 1117 2457 toto,
1143 2389 1188 2444 die
1211 2395 1293 2444 nnter
1314 2388 1377 2444 dean
1481 2427 1482 2448 ι

203 2456 296 2510 tnrien
314 2456 344 2509 in
362 2456 410 2516 der
429 2455 622 2522 Abstimmung
638 2456 691 2509 dan
704 2459 762 2510 An·
816 2457 951 2512 consulat
974 2460 1021 2512 den
1039 2459 1189 2528 Ponrpejus
1208 2476 1236 2512 n.
1255 2458 1374 2511 Crassus

202 2524 271 2591 fang
294 2524 422 2591 rnaaben,
445 2522 533 2576 durch
556 2523 605 2576 dns
622 2523 696 2578 Loos
713 2526 761 2578 be·
814 2543 869 2578 von
899 2526 1039 2596 ietptereru
1068 2527 1248 2595 begonnenen
1277 2524 1376 2577 Wabi-

202 2591 314 2645 etimne
358 2590 421 2643 Liv.
449 2595 492 2657 24,
520 2594 543 2644 1.
573 2595 618 2658 27,
645 2595 669 2646 6.
711 2591 763 2645 Dio
815 2592 1377 2662 comitiari.Wodurobsieabgobrooben'i

203 2658 398 2726 Abstimmuug
409 2658 459 2709 der
471 2674 600 2727 praerog.
614 2676 673 2712 war
684 2659 764 2712 maist
814 2659 952 2714 rioileiobt
969 2661 1057 2715 ‹inreb
1075 2661 1252 2715 obnuntiatio
1270 2677 1303 2714 ex
1315 2659 1376 2726 iege

203 2724 380 2792 masagebend
407 2725 454 2777 fair
479 2723 522 2778 die
549 2724 665 2793 ribrigan
689 2726 761 2779 Cen·
815 2728 894 2782 Aelia
920 2738 950 2782 et
975 2729 1059 2782 Fufia
1084 2729 1150 2782 oder
1175 2729 1264 2782 dureb
1289 2727 1374 2781 einen

203 2791 304 2847 tnrien.
345 2792 379 2846 de
402 2791 462 2848 niv.
487 2797 512 2858 1,
538 2796 584 2846 iba
612 2810 762 2863 praeroga·
817 2796 878 2850 nan
896 2795 943 2850 des
960 2796 1070 2850 morbus
1089 2796 1245 2850 eornitiaiir.

204 2861 289 2922 tivarn
306 2861 423 2914 nidores
441 2877 519 2913 omen
532 2858 668 2914 iustorum
681 2862 764 2914 comi·
851 2869 892 2918 13.
911 2866 1029 2932 supplere
1041 2865 1194 2932 repudiata
1206 2871 1255 2917 eat.
1273 2865 1311 2917 So
1323 2879 1378 2933 pro

203 2928 304 2981 tiornrn
327 2945 386 2982 ense
402 2927 559 2982 voluerunt
595 2928 657 2982 Liv.
676 2933 764 2997 5,18.
815 2932 885 2985 Seat.
905 2936 949 2996 24,
965 2935 999 2984 54
1015 2948 1068 3000 snp
1091 2931 1110 2986 l.
1129 2930 1307 2985 reioiebatnr.

205 3001 247 3062 10,
264 3001 306 3050 22.
325 3001 369 3062 to,
386 3000 429 3051 22.
851 3003 890 3054 14.
917 2998 968 3052 Die
989 2949 1253 3066 eingeelarmuerten
1275 2999 1375 3051 Worte

239 3069 263 3116 1.
281 3081 359 3118 nenao
370 3064 457 3133 prior.
482 3061 586 3118 Keiuer
604 3063 654 3118 bat
665 3063 704 3117 ais
716 3063 765 3118 der
814 3065 878 3119 sind
894 3066 964 3119 nach
976 3066 1147 3134 Koenigboff
1162 3066 1230 3120 crit.
1248 3071 1276 3119 et
1288 3065 1375 3132 nxeg.

203 3130 288 3186 Erite
306 3136 375 3196 (von
394 3130 448 3184 den
465 3129 562 3184 beiden
580 3147 615 3185 au
631 3130 763 3185 Wfablen·
815 3133 867 3186 ΙΙΙ.
891 3151 918 3204 p.
946 3139 977 3187 17
995 3133 1209 3201 eingereboben3
1236 3133 1276 3188 sie
1297 3131 1378 3186 stian-

204 3196 271 3265 den)
288 3198 405 3254 rinnel.
417 3198 552 3253 stimmen
569 3199 617 3252 der
628 3200 764 3254 centurie
816 3217 877 3254 nien
896 3199 973 3254 nieht
984 3219 1019 3254 aa
1033 3202 1124 3254 donin
1135 3204 1161 3266 s.
1176 3206 1206 3253 11
1219 3200 1379 3320 {egebanon
1481 3241 1482 3260 .

203 3265 249 3316 fair
266 3264 325 3318 oieb
342 3263 452 3334 gebabt,
472 3265 543 3324 obne
561 3266 683 3320 hernach
701 3283 764 3320 auru
817 3267 1022 3336 Anneianngen
1039 3269 1107 3322 saber
1125 3266 1221 3326 Bewer
1242 3285 1341 3336 angen.
1481 3287 1482 3298 ι

205 3331 310 3386 Consul
337 3333 502 3400 ansgeruien
528 3350 564 3387 zu
588 3334 656 3391 sein.
688 3334 765 3403 prior
851 3341 892 3392 17.
915 3342 1045 3392 serundo.
1085 3337 1166 3389 Naeb
1193 3337 1319 3390 Goerena
1341 3333 1379 3387 ad
1481 3337 1482 3378 1

205 3398 264 3450 bier
286 3415 358 3466 gnua
378 3417 409 3451 so
427 3400 478 3456 nie
496 3400 526 3452 in
543 3400 600 3460 Pis.
620 3407 646 3465 1,
663 3407 693 3454 i:
722 3419 764 3455 rna
817 3401 875 3458 etc.
907 3402 941 3456 de
969 3403 1057 3472 Legg.
1085 3409 1110 3470 1,
1140 3408 1172 3458 13
1197 3402 1242 3456 die
1267 3401 1379 3469 eiuaige
1481 3405 1482 3416 ¹

159 3528 162 3533 p
205 3476 378 3534 quaestorem
396 3466 425 3518 in
442 3466 551 3546 primia,
571 3469 684 3524 aedilem
707 3470 766 3540 pri·
817 3469 903 3524 Stella
919 3471 963 3523 bei
981 3471 1051 3537 Cio„
1069 3489 1114 3524 wo
1129 3471 1193 3554 ioco
1210 3470 1288 3553 sebit.
1332 3536 1339 3551 ι
1481 3515 1482 3530 .

205 3540 618 3669 tutnt‘32t⁰'nu¹t¹ttt
637 3535 765 3673 131..ῗὶ
817 3541 1044 3660 asinii&
1069 3538 1195 3660 'ritui
1220 3540 1272 3658 ‘tt
1289 3535 1380 3658 ¹23¹}ss
1481 3561 1482 3628 ³

204 3667 447 3790 {ffiffim
477 3669 559 3738 prior
584 3672 764 3726 renunciatur
817 3672 1008 3793 Eligmssimd
1024 3672 1297 3794 fflfflf'mgufibss'
1311 3671 1379 3792 doben
1481 3697 1482 3734 t

381 3771 387 3788 .
862 3756 910 3793 ara
943 3757 974 3794 ar
1009 3757 1038 3794 aa
1101 3758 1192 3794 renam
1244 3758 1260 3794 a
1366 3767 1381 3780 ·

238 3809 264 3859 3.
291 3805 321 3856 in
344 3805 565 3871 illumnnnurn,
590 3805 682 3862 furo.
702 3806 763 3860 ian·
817 3824 862 3860 uua
882 3829 918 3854 =
940 3806 1090 3862 fiberbau
1121 3821 1142 3864 t.
1178 3808 1263 3876 vargi.
1286 3779 1380 3876 'Seyffi
1481 3863 1482 3872 ἶ

204 3870 285 3924 sende
303 3870 387 3937 Jahr,
409 3870 438 3923 in
456 3871 585 3926 walchero
608 3873 652 3926 die
670 3874 762 3928 comi·
816 3875 881 3929 Sub.
904 3875 936 3929 L.
958 3893 985 3946 p.
1005 3876 1091 3932 bi.P
1123 3883 1163 3930 ut.
1180 3875 1262 3931 Trio.
1280 3874 1328 3941 IV,
1349 3879 1382 3930 2.
1481 3873 1482 3936 ἶ

204 3937 260 3991 tien
279 3937 325 3992 iair
342 3936 624 3994 dieCouaniwabiab
643 3940 764 3996 ebaitan.
817 3947 876 3996 936.
1155 3951 1156 3954 ’

204 3956 764 4074 -ΝοιιῐιἀίοΡιιιοιοςιιΜοΙοῇοιιΕἱιι-
851 4013 876 4074 §-
906 4015 1025 4066 51-53.
1072 4009 1230 4066 Laterensis
1257 4009 1383 4064 branabt
1481 4013 1482 4080 1

204 4073 272 4126 flurs
289 4073 398 4126 beiden
417 4074 597 4130 Consuiwabi
615 4075 679 4139 bat,
701 4075 768 4130 dari
816 4093 866 4130 ror
892 4077 987 4132 seinen
1011 4078 1110 4132 Abneu
1138 4077 1216 4132 niabt
1236 4076 1385 4132 besobimt

204 4140 262 4193 aicb
280 4141 316 4193 da
334 4140 396 4196 Lat.
414 4141 563 4202 wundorn,
582 4142 644 4198 dana
662 4143 765 4197 oiebai
816 4161 851 4197 an
869 4146 975 4209 nioben,
993 4163 1073 4200 weun
1092 4163 1122 4201 er
1140 4146 1168 4200 in
1181 4145 1231 4198 der
1243 4140 1382 4198 Aediian·
1481 4201 1482 4212 p

129 4222 133 4229 ¹
204 4207 254 4260 der
263 4207 453 4262 Aediiennabl
464 4209 523 4264 dem
533 4209 576 4264 Pi.
587 4228 642 4264 von
651 4210 764 4264 Nutaan
815 4212 889 4265 nabi
918 4211 1140 4281 durobgefallan.
1177 4212 1250 4266 deun
1282 4213 1311 4332 lp
1340 4209 1385 4266 iot
1481 4225 1482 4236 ¹

207 4275 349 4342 generant
815 4277 974 4334 diesrieiau
988 4280 1096 4334 Braven
1109 4279 1272 4349 gerebeben‚
1306 4295 1386 4334 enan
1481 4289 1482 4330 t
