3048 4882
533 327 610 382 cae.
628 327 738 382 so-st.
773 325 798 390 l·
817 327 926 378 oe-oe.
1248 325 1307 391 103
1400 289 1402 294 Ι

147 479 293 542 defuisse?
327 479 422 552 Nihil,
452 479 579 550 iudices,
610 485 655 541 est
683 495 799 554 eorum;
831 478 893 551 scd,
916 498 1005 560 quam
1029 488 1232 561 tempestatem
1255 499 1309 542 nos

147 563 297 626 vobiscum
327 582 387 626 non
415 563 598 634 tulissemus,
627 567 733 636 metult
763 571 795 625 ut
823 581 887 626 eam
910 567 975 644 lpse
997 575 1096 643 posset
1118 565 1224 647 opibus
1246 569 1309 628 suis

147 651 302 712 sustinere.
347 649 422 711 Tum
447 649 570 733 consilio
593 659 718 728 repente
739 658 852 710 mutato
875 651 932 710 iter
953 647 1100 712 aVibone
1116 650 1306 713 Brundisium

148 742 225 795 terra
247 741 349 878 peJere
372 733 521 796 contendi.
565 731 639 798 Nam
662 733 826 795 maritimos
848 751 952 796 cursus
975 732 1187 814 praecludebat
1200 736 1307 799 hiemis
1319 729 1359 794 97

111 831 192 880 emo
213 820 277 881 nitu
299 835 326 879 o.

194 835 302 965 gilbi.
346 903 420 965 Cum
459 903 557 965 omnia
595 901 645 965 illa
692 903 868 984 municipia,
917 919 993 983 quae
1025 911 1097 965 sunt
1134 921 1150 964 a
1194 902 1309 966 Vibone

147 985 349 1058 Brundisium,
381 990 414 1048 ln
441 986 498 1050 ilde
521 1005 600 1058 mea,
629 985 754 1057 ludices,
786 995 893 1057 essent,
915 989 973 1049 iter
995 987 1066 1049 mibi
1088 996 1183 1050 tutum
1208 987 1309 1050 multis

147 1069 350 1135 minitantibus
373 1089 481 1152 magno
503 1089 570 1134 cum
592 1089 646 1134 suo
667 1081 749 1134 metu
770 1074 991 1152 praestiterunt.
1031 1072 1220 1135 andlsium
1242 1075 1309 1134 reni

145 1155 192 1217 rel
224 1159 321 1236 potius
359 1157 394 1218 ad
427 1159 544 1220 moenia
572 1157 693 1218 accessi.
736 1156 848 1219 Urbem
876 1175 964 1219 unam
994 1157 1065 1218 mibi
1098 1159 1308 1220 amicissimam

98 1253 130 1304 10
150 1239 306 1313 declinavi,
336 1258 411 1320 quae
433 1259 465 1302 se
488 1239 574 1304 vellet
596 1244 693 1322 potius
715 1241 850 1303 exscindi
872 1259 961 1320 quem
983 1259 1000 1302 e
1022 1260 1075 1304 suo
1098 1241 1254 1324 complexu
1278 1253 1310 1304 ut

148 1327 282 1404 eriperer
310 1326 394 1387 iacile
422 1334 584 1406 pateretur.
628 1325 662 1388 ln
684 1325 789 1388 hortos
810 1343 858 1387 mc
879 1327 917 1388 Μ.
942 1325 1043 1388 baenll
1065 1326 1163 1390 Flacci
1185 1325 1305 1396 contuli,

146 1411 193 1471 cui
220 1429 287 1472 cum
313 1428 417 1472 omnes
444 1419 554 1482 metue,
584 1410 745 1491 publicatio
773 1409 935 1481 bonorum,
970 1409 1105 1482 exilium,
1137 1429 1218 1474 mors
1240 1431 1310 1492 pro·

146 1505 318 1575 poneretur,
342 1493 415 1558 baec
436 1497 561 1577 perpeti,
585 1497 610 1556 si
633 1495 810 1563 acciderent,
834 1497 937 1557 maluit
959 1511 1047 1574 quam
1070 1495 1232 1558 custodiam
1249 1499 1309 1559 mei

146 1581 251 1660 capitis
274 1579 433 1642 dimittere.
478 1581 566 1643 Cuius
589 1597 644 1659 ego
666 1588 696 1641 et
721 1581 856 1659 parentis
878 1581 950 1650 eius,
974 1579 1198 1660 prudentissimi
1220 1589 1308 1660 atque

97 1677 128 1727 15
149 1665 253 1745 optimi
276 1665 370 1734 senis,
394 1672 423 1725 et
444 1665 545 1726 iratrls
568 1673 597 1725 et
621 1666 774 1746 utriusque
795 1662 924 1725 illiorum
946 1663 1082 1727 menibus
1104 1667 1136 1727 in
1159 1667 1224 1727 navi
1246 1676 1307 1727 tuta

145 1765 179 1810 ac
207 1747 286 1812 lideli
314 1748 473 1810 collocatus
501 1765 664 1830 eorumque
687 1765 793 1827 preces
815 1755 845 1809 et
859 1754 924 1809 vota
948 1746 985 1810 de
1008 1767 1072 1811 meo
1095 1750 1192 1812 reditu
1216 1768 1305 1813 exau·

144 1834 228 1895 diens
250 1833 460 1914 Dyrrachium,
490 1831 568 1913 quod
598 1841 662 1894 erat
683 1835 716 1894 in
738 1832 796 1895 lide
817 1850 892 1903 mea,
916 1841 1018 1913 petere
1040 1835 1189 1896 contendi.
1238 1835 1302 1907 Quo
1317 1822 1358 1888 98

146 1935 213 1979 cum
239 1919 398 1987 venissem,
430 1917 567 1996 cognovi,
591 1917 620 1978 id
637 1917 715 1997 quod
738 1916 900 1989 audieram,
915 1916 1055 1980 reiectam
1072 1936 1137 1980 esse
1153 1917 1309 1980 Graeciam

146 2000 442 2063 sceleratissimorum
465 2000 616 2063 bominum
640 2020 674 2064 ac
696 2001 888 2073 nefariorum,
912 2018 1038 2081 quorum
1053 2003 1178 2084 impium
1194 2005 1306 2065 lerrum

94 2099 281 2166 segnesque
314 2085 473 2167 pestileros
506 2103 591 2149 meus
624 2085 674 2148 ille
707 2085 878 2148 consulatus
912 2107 929 2148 c
957 2085 1093 2150 manibus
1125 2095 1307 2157 extorseram

144 2268 205 2323 eine
235 2267 347 2322 weitere
379 2267 557 2337 Bntiornung
587 2269 702 2338 esschen,
754 2268 1309 2324 BedeisthiereornebmlichvonBrun·

145 2336 184 2391 sie
203 2335 314 2391 Sicilisn
335 2353 362 2392 u.
381 2335 467 2391 seibst
484 2335 573 2391 Melta
590 2354 657 2392 wer.
753 2337 860 2390 dusinus
888 2339 953 2408 (pro
980 2339 1053 2392 Soet.
1079 2342 1120 2403 te,
1150 2343 1218 2399 181).
1256 2337 1309 2392 Der

177 2411 203 2461 3.
227 2405 280 2458 iter
307 2404 383 2458 stebt
403 2404 604 2475 pleonastiscb;
631 2406 700 2459 docb
753 2405 901 2460 Ausdruck
929 2405 958 2458 in
985 2405 1038 2458 lide
1067 2415 1109 2460 est
1137 2405 1207 2459 wird
1236 2407 1309 2459 such

147 2472 217 2525 wird
233 2471 288 2525 iter
305 2481 398 2542 petere
416 2473 487 2526 such
505 2480 583 2528 eonst
595 2483 701 2543 gessgt.
751 2473 844 2544 spicer
867 2491 920 2526 son
938 2472 1121 2542 Dyrrachium
1147 2473 1308 2594 {ebrsucbt

145 2539 197 2593 wie
221 2539 283 2592 Lis.
304 2545 354 2601 44,
377 2544 401 2596 2.
423 2540 510 2608 vergi.
535 2540 646 2599 Ruhnk.
666 2542 701 2595 sd
752 2559 808 2596 wss
832 2541 865 2596 ed
889 2541 965 2596 Bam.
988 2541 1148 2609 1s,1durc
1185 2541 1309 2596 officiose

145 2607 240 2661 Vellei.
269 2609 416 2672 181-
442 2607 498 2660 Der
521 2609 602 2663 inim.
626 2609 700 2664 eines
751 2610 781 2663 in
800 2627 841 2664 sne
857 2619 900 2664 est
918 2608 1105 2664 umechrieben
1126 2626 1153 2666 u.
1174 2614 1215 2677 14,
1233 2615 1308 2677 dge-

147 2674 228 2733 verb.
248 2673 296 2726 der
308 2673 467 2743 Bewegung
484 2675 526 2729 bei
538 2677 703 2732 contendere
754 2677 848 2732 deutet
880 2677 963 2732 wirdc
1004 2677 1101 2732 civitss
1136 2677 1208 2732 enirn
1242 2677 1309 2731 boec

146 2744 187 2797 ist
204 2743 245 2795 Re
265 2741 299 2795 el.
752 2762 860 2816 semper
878 2764 895 2799 e
913 2763 955 2800 me
972 2745 1083 2800 defense
1101 2754 1151 2800 est.

180 2827 198 2863 o
254 2811 340 2863 ihcsse.
390 2809 523 2863 Aehnlich
552 2827 568 2864 s
598 2810 702 2865 Vibone
790 2817 830 2868 lt.
866 2814 909 2865 M.
937 2815 1038 2866 boecii
1059 2813 1155 2866 Flacci
1178 2810 1307 2879 (Einleit.

141 2877 312 2932 discessimus
343 2877 393 2942 (sd
422 2879 480 2931 hit.
504 2883 530 2946 B,
553 2879 591 2944 t).
616 2879 701 2947 vergi.
753 2882 778 2944 s.
804 2881 841 2940 ll.
872 2880 905 2934 sd
935 2881 1012 2933 Beni.
1039 2885 1080 2946 14,
1102 2887 1132 2934 42
1160 2878 1309 2932 Brundusii

146 2949 177 3000 Z.
196 2949 220 3007 S.
245 2949 295 3000 398
314 2947 393 3001 Auru.
412 2973 444 2984 -
468 2944 535 2999 Vibo
557 2967 590 2990 -ι
608 2945 701 3016 Hippo
753 2945 827 3014 epud
844 2963 906 3000 eum
924 2947 981 3001 dies
1000 2945 1069 3000 xlll
1087 2946 1203 3014 fuimus,
1221 2945 1309 3000 virum

128 3014 171 3067 ·in
190 3011 338 3078 Bruttium,
360 3013 441 3067 heute
453 3013 551 3067 Monte
562 3013 654 3067 Leone
671 3015 701 3067 in
753 3014 896 3084 optimum,
908 3014 955 3084 qui
969 3013 1120 3086 periculum
1133 3013 1308 3067 fortunarum

142 3081 299 3137 Celebrien.
753 3091 782 3134 et
804 3081 902 3152 cepitis
924 3081 967 3136 sui
989 3099 1055 3152 pree
1078 3097 1137 3135 mes
1153 3080 1242 3135 salute
1262 3098 1309 3134 ne-

178 3148 365 3202 Brssndisisssn
402 3148 483 3202 beute
519 3148 639 3202 Brindisi
673 3149 702 3203 in
753 3149 840 3218 glexit
876 3167 960 3220 neque
994 3149 1062 3218 legis
1095 3147 1309 3220 improbissimos

144 3216 278 3286 Apellen,
304 3231 357 3269 von
381 3233 424 3269 wo
446 3215 490 3268 die
513 3217 701 3284 gewdbnlicbe
753 3233 843 3287 poene
865 3217 998 3272 deductus
1020 3227 1074 3281 est,
1099 3215 1244 3286 quominus
1261 3216 1310 3269 bo·

143 3283 311 3338 Ueberishrt
336 3282 406 3340 nach
422 3283 607 3353 Dyrrachium
624 3287 702 3339 Ststt
751 3283 829 3355 spitii
854 3293 884 3339 et
909 3283 1045 3340 amicitiae
1067 3284 1111 3338 ius
1135 3283 1310 3353 ciliciumque

143 3351 218 3406 tend.
407 3385 411 3396 ·
772 3361 914 3407 rsestsret.
933 3353 974 3407 [ir
986 3371 1045 3406 wer
1056 3351 1126 3406 euch
1139 3351 1184 3406 ein
1198 3351 1309 3405 Breund

177 3423 202 3476 7.
220 3421 251 3472 iss
262 3421 323 3488 side
340 3436 400 3472 meo
419 3428 516 3475 essent.
548 3419 699 3474 Siewsren
751 3371 796 3474 ses
824 3421 934 3475 Atticus
958 3420 1006 3486 (sd
1028 3423 1087 3474 Ast.
1111 3425 1138 3486 li,
1161 3425 1193 3472 20
1216 3435 1242 3477 u.
1266 3423 1307 3474 tt.

142 3487 201 3542 dies
225 3503 277 3540 nur
294 3485 385 3555 donn,
407 3503 489 3540 sverm
506 3486 545 3541 sie
562 3487 621 3541 sich
638 3506 701 3541 ver·
754 3493 780 3554 6,
800 3489 839 3556 1).
857 3488 944 3558 vergi.
962 3505 1013 3572 pro
1031 3489 1103 3542 Seet.
1121 3491 1205 3542 611-
1220 3485 1308 3542 Esco

144 3554 314 3608 trsuensvoll
337 3555 366 3607 in
386 3553 439 3608 den
457 3555 563 3610 Schets
582 3555 701 3618 Ciceros,
754 3557 850 3625 compi.
873 3585 904 3595 -
928 3573 1057 3625 eriperer.
1094 3555 1174 3608 Gens
1197 3553 1308 3608 ihnlich

143 3621 174 3674 in
194 3621 270 3676 seins
292 3621 418 3675 clientela
442 3622 507 3676 oder
529 3623 588 3677 sein
607 3632 702 3694 petro·
755 3640 806 3692 pro
828 3625 897 3678 sest.
915 3627 958 3692 24,
975 3629 1018 3679 bt.
1041 3641 1092 3695 pro
1111 3622 1184 3676 Cael.
1204 3627 1247 3690 24,
1264 3627 1307 3677 59.

142 3688 247 3742 ciuium
278 3687 421 3741 triherbin
447 3689 567 3758 begebeu
596 3691 701 3746 hetteu.
790 3695 830 3744 tn.
861 3708 953 3745 omnes
976 3700 1079 3760 metus,
1105 3709 1135 3744 eo
1159 3708 1209 3761 pro
1233 3691 1307 3746 Seet.

149 3756 187 3811 So
204 3756 299 3810 deutet
321 3755 430 3810 Gellius
454 3757 490 3810 N.
517 3761 549 3812 Α.
568 3757 603 3825 V,
626 3763 701 3826 13st
755 3763 797 3826 15,
815 3763 848 3813 tt
865 3757 913 3812 elii
931 3758 1223 3829 metus.-Diepubl.
1240 3759 1305 3812 bon.

142 3823 188 3906 die
208 3823 352 3890 (nlenten,
370 3823 417 3892 qui
435 3841 463 3878 se
481 3823 510 3876 in
529 3825 608 3878 iidem
627 3826 702 3880 dedi-
754 3843 817 3908 u3s.
831 3843 866 3881 w.
886 3825 972 3881 durch
989 3827 1034 3881 die
1051 3828 1094 3882 lex
1106 3825 1204 3879 Clodis
1222 3835 1308 3880 nenut

143 3891 701 4016 :titii“la.“tt²l÷.iti⁸'l.i‘t.t‘f
753 3893 1065 4032 Bitttdfiafia.
1073 3899 1119 4014 hi
1137 3898 1191 4014 li.
1200 3899 1256 4028 ¹1³&
1273 3893 1308 4016 ii

143 4027 177 4080 de
194 4027 226 4080 B.
245 4028 280 4081 G.
299 4031 326 4092 2,
346 4032 386 4081 14.
404 4025 437 4080 sle
455 4027 487 4082 B.
502 4028 532 4082 C.
548 4033 571 4094 1,
584 4032 627 4084 Bi.
651 4029 702 4082 Die
753 4029 814 4084 eine
831 4031 1003 4102 proscriptio.

144 4095 702 4166 Stidtesrsrenalsonicbtblossergeben,
787 4101 829 4155 18.
853 4102 1013 4166 audieram,
1037 4114 1134 4150 seovon
1156 4095 1200 4150 ich
1222 4097 1307 4151 sehon

145 4163 263 4216 soudern
294 4163 411 4217 standon
438 4180 473 4217 eu
501 4163 558 4218 etc.
585 4165 614 4219 in
642 4166 700 4220 dero
752 4165 839 4220 durch
856 4167 1033 4234 Hdrenssgen
1045 4173 1155 4230 museto,
1174 4163 1225 4217 wie
1245 4170 1305 4228 1,1.

145 4229 329 4299 Verhiltniss,
350 4229 411 4285 deis
432 4232 471 4285 sie
492 4232 547 4285 ihm
565 4233 611 4288 tte
628 4234 701 4288 aeine
785 4237 916 4302 refertam
933 4237 995 4288 scel.
1013 4235 1083 4288 bom.
1119 4232 1203 4301 vergi.
1227 4231 1258 4290 Z.
1281 4234 1305 4299 S.

144 4297 313 4369 Vertretung
346 4299 420 4354 ihrer
450 4300 698 4370 Angelegeuheiten
750 4307 808 4357 437.
826 4307 851 4356 B.

144 4366 174 4420 in
203 4365 271 4424 non
298 4367 476 4438 rerpllichtet
503 4385 603 4427 waren.
648 4367 699 4423 Die
784 4373 825 4428 20.
854 4371 932 4438 ipses
962 4370 1122 4438 pestiferos,
1153 4367 1306 4424 rhetorisch
