3014 4876
205 284 250 350 48

546 285 618 338 PRO
638 285 691 340 CN.
709 283 868 337 PLANCIO
887 285 1033 340 ORATIO.

207 459 282 518 quae
312 457 399 500 nemo
429 457 486 500 non
516 439 604 500 modo
631 440 766 508 nornine,
796 438 846 500 sed
870 457 908 499 ne
935 439 1104 518 suspicione
1131 437 1250 517 quidem
1279 440 1375 517 possit

207 543 378 604 agnosceres
422 515 599 586 Bimari'tum
621 521 767 603 appellas,
791 532 823 584 ut
844 521 934 584 verba
957 527 1046 584 etiam
1069 523 1170 601 lingas,
1194 542 1254 586 non
1277 521 1373 590 solum

206 611 337 672 crimina.
388 609 511 670 Doctum
547 626 612 670 esse
639 608 676 669 ab
704 627 740 668 eo
767 609 798 668 in

835 610 1019 688 provinciam
1047 606 1175 690 aliquem
1205 607 1281 668 diois
1307 606 1374 668 libi-

206 695 283 754 dinis
306 712 408 764 causa,
439 693 516 773 quod
547 710 605 752 non
636 695 748 753 crimen
778 701 838 761 est,
869 693 921 752 sed
950 693 1129 772 impunitum
1155 693 1186 752 in
1214 691 1373 757 maledicto

206 778 403 840 mendacium.
447 777 571 856 Raptam
600 795 666 838 esse
694 775 861 845 mimulam;
892 778 969 856 quod
1000 777 1108 838 dicitur
1130 779 1235 838 Atinae
1263 777 1410 838 lacrumo

206 883 222 923 a
245 865 395 924 iuventute
417 871 515 926 vetere
539 860 666 938 quodam
688 862 719 922 in
740 863 892 922 scaenicos
914 865 980 922 iure
1003 862 1190 941 maximeque
1213 859 1372 940 oppidano.

207 1033 324 1093 licuerit
347 1029 502 1100 obiciatur,
526 1038 625 1092 tamen
648 1030 679 1092 id
706 1033 803 1110 ipsum

39 975 42 984 ⁴
154 944 233 1010 310
266 946 496 1008 adulescentiam
529 945 696 1007 traductam
731 944 894 1023 eleganter!
937 948 985 1007 cui
1023 945 1143 1024 quidem
1182 964 1248 1008 cum
1294 945 1374 1024 quod

826 1031 932 1094 salsum
953 1033 1131 1108 reperiatur.
1156 1065 1195 1074 -—
1219 1031 1373 1100 „Emissos

206 1117 294 1196 aliqui
310 1135 325 1176 e
342 1125 494 1178 carcere.“
509 1148 550 1160 -
565 1115 602 1176 Et
615 1115 735 1195 quidem
751 1117 877 1176 emissus
899 1135 952 1194 per
973 1114 1211 1195 imprudentiam,
1236 1115 1372 1184 emissus,

204 1211 238 1262 ut
270 1203 435 1278 cognostis,
468 1201 628 1260 necessarii
660 1197 790 1260 hominis

823 1201 987 1280 optimique
1021 1197 1218 1261 adulescentis
1251 1207 1370 1278 rogatu:
1393 1204 1428 1254 10

204 1287 283 1348 idem
316 1291 418 1364 postea
451 1283 668 1363 praemandatis
700 1286 872 1363 requisitus.
921 1291 1016 1365 Atque
1043 1283 1116 1344 haec
1145 1302 1202 1344 nec
1229 1282 1288 1344 ulla
1317 1281 1372 1343 alia

206 1379 276 1432 sunt
297 1371 429 1430 coniecta
452 1367 607 1429 maledicta
629 1370 660 1427 in
685 1369 748 1428 eius
770 1370 873 1436 vitam,
898 1369 934 1430 de
963 1371 1048 1430 cuius
1076 1386 1127 1428 vos
1159 1367 1274 1446 pudore
1301 1365 1371 1428 reli-

206 1458 292 1533 gione
320 1455 488 1532 integritate
516 1452 665 1513 dubitetis.
710 1451 785 1514 lllll.
809 1451 897 1514 Pater
920 1472 999 1523 vero,
1024 1455 1128 1532 inquit,
1153 1455 1242 1512 etiam
1266 1451 1372 1512 obesse

205 1539 266 1600 lilio
289 1537 385 1598 debet.
430 1537 576 1598 Ovocem
599 1537 703 1598 duram
732 1546 820 1616 atque
847 1537 998 1616 indignam
1020 1545 1070 1598 tua
1093 1535 1256 1616 probitate,
1285 1537 1370 1597 Late·
1493 1593 1494 1618 ἶ

206 1623 316 1684 rensis!
360 1622 447 1684 Pater
469 1629 503 1680 ut
524 1625 556 1683 in
578 1621 689 1683 indicio
712 1623 830 1700 capitis,
853 1630 938 1702 pater
960 1631 992 1684 ut
1013 1624 1045 1682 in
1067 1621 1254 1682 dimicatione
1277 1622 1370 1682 lortu·
1391 1627 1426 1676 15
1493 1619 1494 1654 ³

205 1726 321 1777 narum,
344 1716 428 1784 pater
451 1715 484 1767 ut
505 1706 584 1784 apud
606 1706 680 1768 tales
701 1709 780 1768 viros
803 1706 910 1769 obesse
931 1705 990 1768 tilio
1014 1705 1138 1767 debeat?
1174 1708 1272 1785 quisi
1295 1713 1374 1766 esset

205 1793 410 1872 turpissimus,
440 1794 466 1853 si
495 1790 731 1861 sordidissimus,
769 1799 868 1853 tamen
897 1793 962 1872 ipso
990 1794 1111 1851 nomine
1138 1789 1374 1870 patriovaleret

205 1877 282 1958 apud
305 1876 466 1936 clementes
488 1875 602 1937 iudices
625 1884 654 1936 ct
675 1877 901 1937 misericordes:
925 1875 1044 1946 valeret,
1068 1877 1198 1955 inquam,
1221 1875 1374 1938 communi

101 1935 108 1956 x
154 1957 296 2024 32sensu
327 1962 457 2023 omnium
486 1969 516 2020 et
549 1957 735 2022 dulcissima
754 1961 1010 2024 commendatione
1037 1967 1169 2022 naturae.
1219 1960 1277 2020 Sed
1305 1976 1373 2020 cum

205 2051 244 2109 sit
266 2046 318 2107 Cn.
342 2043 478 2106 Plancius
495 2046 525 2118 ,is
548 2064 640 2125 eques
661 2046 827 2118 Romanus,
852 2047 1036 2124 caprimum
1061 2052 1202 2106 vetustate
1226 2045 1372 2122 equestris
1391 2049 1427 2098 20

204 2132 342 2201 nominis,
366 2139 400 2192 ut
421 2139 515 2208 pater,
539 2138 571 2190 ut
592 2149 672 2206 avus,
695 2139 729 2191 ut
749 2133 875 2192 maiores
898 2133 961 2192 eins
983 2147 1087 2190 omnes
1109 2130 1224 2210 equites
1246 2129 1372 2189 Romani
1494 2131 1495 2136 ’

205 2218 329 2286 luerint,
358 2231 506 2276 summum
529 2215 559 2273 in
581 2215 770 2294 praefectura
793 2217 1001 2277 florentissima
1023 2213 1150 2289 gradum
1172 2215 1322 2274 tenuerint
1344 2221 1373 2274 at

241 2387 263 2434 t.
282 2399 339 2434 non
365 2383 444 2433 modo
465 2381 565 2432 —aed
587 2397 622 2432 ne
643 2381 761 2446 quidam.

206 2449 237 2506 Z.
256 2455 281 2516 §.
299 2453 357 2502 724.
376 2449 416 2505 bs

239 2539 262 2591 2.
289 2535 468 2597 Rimaritum,
500 2532 544 2585 ein
575 2549 636 2584 vom
669 2531 762 2588 Later,

205 2601 352 2668 gebildetes
376 2602 469 2665 Wort,
494 2600 547 2651 wie
571 2598 675 2663 bivira,
702 2598 763 2650 eine

206 2668 296 2734 Fran,
322 2669 366 2720 die
390 2666 458 2719 zwei
479 2667 597 2720 Minner
618 2668 681 2732 hat,
707 2683 762 2718 von

205 2736 294 2789 Varro
312 2736 438 2802 gebildet.

238 2825 264 2874 4.
290 2822 321 2874 in
344 2821 440 2872 maled.
468 2818 512 2870 bei
534 2818 582 2871 der
603 2819 760 2884 Listerung

207 2889 276 2941 noch
305 2887 366 2940 eine
392 2886 541 2940 schamloee
568 2885 658 2954 Liige,
686 2886 760 2939 donn

205 2955 377 3009 maledictum
405 2972 440 3008 an
466 2953 524 3006 sicli
545 2955 666 3007 brancht
689 2953 760 3008 noch

204 3024 284 3077 keine
296 3023 375 3090 Lr'rge
387 3040 422 3076 an
439 3023 507 3088 sein,
526 3021 698 3075 maledictum
710 3029 760 3087 est,

146 3141 153 3150 ,
204 3093 229 3145 si
250 3109 326 3144 rere
349 3090 477 3144 obiicitur
494 3090 662 3144 vehementis
681 3093 785 3143 accus

208 3160 318 3214 satoris.

238 3247 263 3300 6.
289 3251 378 3296 vetere
403 3245 473 3296 iure.
514 3242 576 3296 Von
601 3242 688 3295 einem
717 3242 761 3294 ius

203 3311 302 3364 wissen
320 3311 372 3362 wir
382 3310 490 3364 freiliclr
502 3310 600 3364 nichts.
630 3309 686 3364 Das
699 3309 762 3364 Bei-

205 3378 274 3459 spiel
292 3377 368 3430 einer
384 3378 531 3458 iihnliclqcn
548 3377 702 3459 Handlurqg
718 3377 762 3428 bei

204 3443 764 3592 ldllo..¹l.l3l.⁶¹⁸²l1l‡⁰¹l,3tllll

206 3580 318 3632 lascivia
336 3579 424 3633 lrenut
440 3580 507 3636 Tac.
529 3583 600 3633 Anu.
619 3586 661 3645 14,
680 3584 721 3632 17.

239 3653 262 3700 7.
277 3650 458 3714 elegantem
468 3648 590 3704 honeste.
617 3647 760 3715 Naegelsb.

204 3731 268 3835 pagh.
287 3719 332 3777 20,
358 3714 407 3767 wie
431 3731 513 3768 unser
531 3715 630 3768 aauber
647 3739 680 3759 =
697 3715 761 3768 sitt-

218 3801 243 3836 rc
265 3823 271 3836 .

239 3873 280 3921 10.
291 3885 391 3920 necere.
403 3869 473 3921 dom.
493 3867 549 3921 Eia
560 3884 617 3920 neo.
626 3867 663 3919 ist
674 3867 759 3925 einer,
797 3924 800 3938 ,

205 3935 253 3987 der
271 3935 348 3987 nicht
365 3936 543 4003 ribetgangen
561 3933 670 3988 werden
688 3935 761 4002 dari,

204 4002 250 4055 ein
278 4003 472 4070 Verwandter,
503 4002 628 4070 Facund,
658 4002 761 4068 Client,

204 4070 321 4124 Patron.

240 4148 349 4206 rogata.
379 4137 410 4192 Ζ.
428 4143 452 4204 S.
472 4144 513 4193 90.

241 4212 280 4258 11.
292 4209 503 4274 praemandatis
513 4209 664 4276 requisitos
674 4206 761 4258 durch

205 4273 374 4328 Steckbrieie
400 4275 526 4342 verfolgt.
568 4276 611 4328 Ob
637 4274 761 4328 indeseen

206 4340 307 4396 wieder
330 4341 484 4410 ergriffent
511 4343 567 4396 Der
588 4342 676 4396 Reda.
700 4360 762 4396 ver·
795 4398 797 4402 ,

813 2380 945 2447 schweigt
966 2397 995 2432 ce
1014 2378 1146 2446 llriglioh.
1166 2407 1198 2418 —
1216 2378 1373 2446 praemend.

814 2447 1051 2511 vorauebefelrlen‚
1077 2448 1107 2500 iu
1129 2464 1159 2498 so
1182 2447 1243 2499 iern
1267 2446 1307 2499 als
1329 2446 1374 2498 die

813 2515 988 2581 Verlreitung
1005 2514 1071 2566 eher
1088 2513 1215 2566 beiohlen
1232 2514 1311 2584 wird,
1332 2514 1373 2566 als

813 2584 857 2636 die
868 2583 973 2636 Person
986 2582 1022 2634 da
1039 2582 1186 2648 erecheiut,
1206 2600 1249 2634 wo
1260 2583 1300 2634 sie
1311 2599 1374 2634 ver·
1428 2631 1431 2636 .

813 2651 906 2704 haltet
931 2649 1042 2702 werden
1070 2650 1183 2702 larinate.
1218 2649 1314 2703 Vatia.
1338 2649 1373 2701 ud

813 2719 873 2773 Cio.
901 2719 950 2782 (ad
973 2719 1050 2770 Fam.
1074 2723 1101 2783 a,
1122 2719 1166 2783 ill:
1194 2717 1256 2783 Ego
1280 2724 1372 2770 tumen

811 2795 885 2840 tarro
897 2785 1020 2854 marique
1031 2794 1062 2838 ut
1074 2786 1283 2853 conquireretur
1292 2789 1372 2850 (ano-

813 2855 938 2922 gnostes)
956 2853 1164 2922 praemandari.

847 2926 888 2974 12.
915 2925 948 2974 de
976 2923 1057 2974 cuius
1078 2949 1112 2960 -
1136 2923 1203 2974 dud.
1227 2943 1261 2966 a
1284 2927 1318 2973 ut
1337 2918 1372 2971 de

813 2990 872 3042 eius
890 3017 924 3028 -
941 2988 1006 3044 dub.

849 3062 889 3110 15.
915 3058 1009 3110 Pater.
1044 3056 1100 3107 Der
1121 3054 1206 3108 altere
1227 3055 1271 3110 Pl.
1295 3054 1373 3108 hatte

813 3125 871 3179 sicli
893 3124 946 3176 den
963 3124 1203 3192 Seraauhinptern
1227 3122 1373 3190 ruinaliebig

812 3193 955 3260 gemacht,
983 3209 1005 3245 e.
1033 3190 1108 3243 Einl.
1144 3195 1169 3255 s.
1199 3195 1223 3246 4.
1267 3191 1371 3243 Dauum

814 3267 915 3313 musete
926 3258 997 3312 nach
1009 3257 1056 3312 des
1065 3258 1157 3311 Later.
1167 3258 1285 3312 Aueicht
1296 3258 1372 3311 scine

813 3327 1032 3394 Beldrwortung
1043 3325 1103 3378 dem
1109 3325 1373 3379 Solaneeherschiad-

814 3394 867 3447 lich
886 3395 926 3448 als
946 3395 1069 3447 niitalich
1087 3394 1154 3448 sein.

847 3471 888 3518 ut.
908 3462 1022 3530 Zumpt,
1040 3464 1090 3519 Gr,
1109 3467 1134 3526 §.
1148 3466 1207 3516 609.

848 3533 937 3582 dimin.
963 3533 1029 3596 sort.
1059 3529 1204 3582 verwandt
1234 3530 1271 3582 im
1298 3530 1371 3582 Aua-

812 3597 898 3652 druclr
915 3599 953 3651 ist
970 3598 1027 3650 cic.
1047 3615 1097 3667 pro
1115 3595 1190 3649 Mnr.
1207 3602 1234 3661 4,
1252 3601 1276 3650 8.

848 3671 889 3720 l'l.
907 3676 982 3735 lurp.
1009 3665 1136 3718 Weiske:
1153 3665 1321 3746 turpiesmua
1334 3664 1371 3716 ad

812 3734 897 3786 vitam
923 3743 952 3786 et
979 3750 1078 3794 mores,
1109 3732 1309 3786 sordidissimus
1337 3732 1374 3784 ad

812 3801 973 3868 dignitatem
991 3801 1102 3871 generis
1119 3809 1148 3852 et
1165 3801 1277 3853 ordinis.

848 3873 888 3922 18.
907 3871 1042 3922 communi
1059 3887 1154 3932 aenou,
1172 3868 1243 3929 puoh
1259 3867 1308 3920 der
1320 3866 1374 3920 all-

812 3937 953 4006 gemeinen
977 3937 1152 3998 Denkweise,
1185 3935 1308 4003 dagegen
1335 3935 1373 3988 iet

812 4023 882 4060 sens.
906 4022 999 4057 comm.
1022 4004 1071 4060 des
1094 4003 1372 4070 Sohiolrliclrlaeitsge-

812 4073 883 4138 fiihl,
901 4071 950 4125 der
968 4072 1050 4129 Takt.

847 4145 887 4196 19.
906 4141 1139 4192 commendatione
1156 4148 1287 4194 naturae.
1315 4137 1373 4190 Der

812 4208 949 4260 Deutsclie
959 4215 1023 4274 eagt
1038 4207 1123 4261 bloss:
1142 4206 1186 4258 die
1198 4206 1311 4262 summe
1323 4204 1375 4258 der

813 4276 914 4335 Natur,
938 4275 985 4327 der
1006 4274 1085 4328 Lat:
1114 4273 1158 4326 die
1182 4273 1375 4342 empfelrlende

814 4343 935 4398 stimme.
970 4341 1114 4409 Naegelsb.
1133 4359 1162 4410 p.
1179 4347 1222 4395 39.
