3014 4876
233 297 274 361 70
568 296 641 347 PIiO
660 293 716 345 CN.
735 290 896 342 PLANCIO
916 287 1061 341 ORATIO.

230 452 352 530 opinor,
382 448 544 522 admirere,
575 421 643 508 cnm
672 463 726 523 ego
754 446 818 524 ipse
846 460 905 504 non
928 442 1094 503 abhorrens
1116 459 1132 499 a
1155 437 1251 499 studio
1274 436 1396 514 antiqui·

233 537 299 595 tatis
321 551 369 593 me
391 533 440 592 hio
462 532 490 592 id
514 551 549 592 es
573 537 602 590 te
624 531 753 610 primum
776 528 892 588 audisse
916 527 1066 587 confitear.
1111 523 1156 594 Et,
1188 521 1326 600 quoniam
1348 528 1393 580 tua

229 621 286 679 suit
318 615 493 696 perelegans
527 625 556 676 et
588 612 761 694 persubtilis
792 613 903 681 oratio,
937 611 1023 688 digua
1057 609 1164 687 equitis
1195 606 1321 666 Romani
1353 603 1394 662 vel

230 703 327 763 studio
350 699 394 761 vcl
422 699 553 778 pudore,
583 701 783 778 quoniamque
806 698 848 757 sic
872 694 908 757 ab
930 694 978 758 bis
1001 711 1032 754 es
1055 692 1187 759 auditus,
1216 698 1249 751 ut
1277 705 1395 766 magnus

231 787 324 847 honos
348 794 377 845 et
399 787 521 863 ingenio
538 792 567 844 et
588 783 762 844 humanitati
784 788 853 842 tuae
875 779 1069 847 tribueretur,
1091 773 1281 855 respondebo
1298 773 1332 832 ad
1354 782 1427 847 eas
1487 853 1488 860 ἵ

231 888 306 946 quae.
335 870 442 939 dixisti,
477 887 553 949 quae
582 866 723 947 ploraque
751 867 788 926 de
816 867 882 945 ipso
903 881 956 946 me,
981 865 1117 923 fuerunt:
1151 863 1181 919 in
1209 857 1317 939 quibus
1343 857 1396 934 ipsi
1487 861 1488 916 i

232 955 341 1024 aculei,
375 956 400 1014 si
428 972 505 1031 quos
532 951 659 1014 habuisti
677 954 711 1012 ‘in
739 968 787 1010 me
819 946 1077 1028 reprehendendo,
1110 951 1210 1006 tamen
1238 942 1312 1002 mibi
1339 958 1394 1000 non
1487 945 1488 954 ’

181 1035 223 1099 59
235 1041 342 1118 ingrati
365 1038 546 1100 acciderunt.
591 1035 740 1106 Quaesisti
760 1041 860 1095 utrum
884 1032 956 1094 mibi
979 1039 1129 1109 putarem,
1154 1027 1262 1106 equitis
1276 1024 1395 1086 Romani
1487 1079 1488 1096 ,

233 1124 311 1195 filio,
335 1121 497 1183 faciliorem
525 1121 618 1181 inisse
641 1120 676 1179 ad
705 1116 913 1198 adipiscendos
942 1116 1072 1177 bonores
1100 1114 1175 1174 viam
1203 1129 1241 1172 an
1271 1110 1393 1170 luteram

230 1227 296 1270 csso
328 1206 387 1269 lilio
419 1225 501 1277 meo,
536 1206 605 1285 quia
635 1211 713 1264 esset
740 1200 848 1263 familia
877 1200 1036 1262 consulari.
1090 1198 1151 1275 ligo
1185 1212 1257 1256 vero
1293 1203 1443 1270 quam-10
1487 1217 1488 1234 ÷

232 1311 320 1370 quam
348 1290 391 1352 illi
419 1294 518 1351 omnis
545 1290 623 1348 malo
651 1307 739 1367 quam
767 1287 856 1356 mibi,
890 1295 989 1346 tamen
1024 1283 1171 1348 bonorum
1199 1280 1296 1340 aditus
1323 1293 1396 1336 nun·
1487 1261 1488 1306 t

233 1394 320 1454 quam
344 1374 388 1436 illi
415 1374 566 1435 faciliores
593 1375 691 1451 opteri
719 1389 808 1450 quam
836 1370 907 1430 mibi
935 1371 1067 1429 fuerunt.
1113 1366 1190 1437 Quin
1224 1363 1327 1431 etism,
1359 1377 1396 1420 ne

232 1462 310 1520 sorte
332 1458 382 1519 ille
404 1457 461 1518 sibi
483 1475 531 1520 me
554 1458 651 1536 potins
673 1458 825 1535 peperisse
846 1457 905 1514 ism
934 1453 1064 1513 bonores
1086 1467 1172 1528 quam
1196 1450 1254 1507 iter
1276 1445 1394 1504 demon·

232 1550 345 1604 strasso
367 1542 625 1620 adipiscendorum
648 1549 745 1618 putet,
773 1539 847 1600 baec
867 1537 912 1597 illi
935 1537 1017 1597 soleo
1039 1534 1211 1613 praecipere
1233 1564 1275 1574 —
1297 1545 1396 1625 quam·
1487 1531 1488 1570 i

230 1645 318 1707 quam
346 1626 382 1687 ad
411 1633 568 1706 praecepta
598 1632 678 1686 aetas
707 1630 835 1685 nonest
860 1655 906 1688 -,
930 1637 1006 1699 quae
1028 1618 1077 1678 illc
1100 1617 1198 1679 slovc
1218 1621 1301 1674 ortus
1336 1629 1395 1673 surs
1416 1623 1449 1671 15
1487 1617 1488 1632 ¹

228 1712 382 1790 praecepit
402 1709 486 1772 tiliis:
516 1711 711 1785 Viqiiondnm
733 1715 777 1768 est
796 1723 932 1782 semper:
953 1706 1067 1765 multae
1081 1703 1288 1763 insidiaesnnt
1301 1699 1393 1758 honis.
1487 1777 1488 1792 χ

228 1796 292 1856 Sed
308 1798 390 1872 qood
405 1798 492 1856 multi
504 1796 670 1864 invideant,
695 1799 803 1852 cetera.
843 1789 925 1860 Quae
941 1788 1060 1866 scripsit
1076 1789 1173 1864 gravis
1185 1792 1214 1844 et
1226 1783 1396 1861 ingeniosus

229 1960 263 2012 ad
281 1960 363 2029 Vesp.
381 1962 468 2029 Imp:
486 1961 635 2011 Praeterea
652 1964 693 2010 est
705 1974 787 2026 quse·
840 1955 893 2007 ein.
928 1954 990 2006 Wir
1009 1952 1074 2018 „ich
1092 1950 1255 2017 erwidere“,
1272 1965 1329 2001 wss
1340 1946 1397 2000 siob

229 2028 292 2080 dam
315 2028 425 2096 publica
450 2027 532 2078 etiem
556 2026 725 2078 eruditorum
744 2042 787 2077 re·
840 2023 889 2074 der
905 2021 1036 2074 Lateiner
1054 2027 1140 2089 spart.

227 2094 324 2160 iectio,
354 2095 443 2146 utitur
471 2093 519 2145 illa
548 2101 576 2145 ot
601 2093 640 2145 M.
668 2092 787 2158 Tullius,
876 2095 915 2144 15.
951 2097 1029 2141 uetes
1058 2105 1114 2138 non
1142 2093 1184 2137 ert
1216 2084 1257 2138 M.
1287 2081 1396 2136 Tullius

227 2170 306 2214 extre
325 2179 430 2214 omnem
449 2160 556 2227 ingenii
573 2160 659 2212 aleam
671 2160 786 2228 positus,
840 2156 952 2222 Cicero,
979 2156 1024 2207 des
1042 2155 1166 2206 Redners
1189 2152 1281 2217 Sobn,
1303 2150 1399 2203 wurde

227 2236 268 2288 et,
297 2229 370 2297 quod
389 2229 532 2293 miremur,
556 2245 605 2296 per
623 2227 787 2280 advocatum
839 2242 864 2276 a.
884 2227 934 2276 689
953 2223 1143 2289 (dbigeboren
1161 2219 1218 2272 und
1227 2217 1309 2272 stand
1325 2220 1399 2287 jetzt

227 2296 393 2350 defenditur.
421 2295 499 2362 „Nec
520 2293 696 2347 doctissimis:
724 2294 786 2347 Mu·
838 2291 873 2344 im
895 2289 1142 2357 12.Lebeusjabre,
1160 2287 1189 2340 in
1208 2286 1337 2340 welchern
1349 2285 1399 2337 der

229 2363 306 2414 nium
318 2363 442 2415 Persium
456 2363 522 2413 baec
540 2362 630 2428 legere
649 2361 722 2426 nolo,
740 2362 788 2414 In·
840 2357 979 2413 Veterihn
990 2355 1397 2422 inseinem'l'usculanumgeru

230 2429 305 2482 nium
324 2430 449 2496 Congum
467 2429 558 2484 volo.“
588 2429 713 2482 Lucilius
730 2429 789 2481 will
841 2421 936 2478 wdrde
952 2425 981 2476 in
1000 2424 1048 2476 der
1061 2424 1195 2477 Rhetorik
1214 2423 1399 2475 unterwiesen
1487 2439 1488 2474 1

229 2496 286 2549 also
317 2497 394 2549 nicbt
419 2496 532 2565 gelesen'
552 2497 611 2550 sein
637 2515 692 2550 von
715 2514 788 2565 ganz
840 2495 940 2557 baben,
969 2511 1049 2545 weun
1075 2493 1124 2545 ibn
1152 2490 1230 2544 nicbt
1253 2489 1400 2542 Gesohit'ie
1487 2507 1488 2564 ζ

150 2595 156 2622 r
229 2564 378 2617 Gelebrteu
406 2565 458 2617 wie
484 2564 596 2617 Persius
623 2564 716 2632 (Brut.
746 2569 789 2628 26,
839 2563 868 2613 in
887 2562 955 2614 Rom
979 2561 1164 2628 lest-gebslten
1182 2559 1278 2611 bitten
1296 2551 1344 2621 (ed
1365 2558 1400 2620 Q.
1487 2573 1488 2620 ;

228 2636 271 2688 99,
299 2632 332 2683 de
359 2633 409 2686 Or.
438 2637 463 2697 2,
493 2637 523 2693 6,
547 2636 602 2698 26),
629 2633 693 2684 eber
719 2631 788 2684 aucb
839 2631 874 2681 fr.
886 2637 912 2693 3,
931 2637 986 2682 3u.
1005 2630 1044 2696 4).
1084 2629 1175 2681 Ueber
1193 2643 1251 2680 esse
1268 2629 1308 2679 ud
1325 2624 1401 2677 siebe

229 2698 308 2750 nicbt
329 2716 384 2751 ron
405 2713 478 2764 geue
495 2698 701 2766 Ungelebrten‚
723 2717 788 2752 son·
816 2696 883 2748 'die
900 2698 1044 2750 Leserteu.

228 2765 297 2818 dern
320 2784 374 2820 von
393 2766 515 2831 benten,
543 2767 587 2818 die
617 2767 669 2818 wie
690 2766 786 2819 Iunius
873 2769 913 2818 15.
933 2766 1186 2830 illenloneortns,
1206 2762 1403 2832 istpoetiscbe

228 2833 353 2900 (longus,
372 2833 431 2886 eine
449 2832 683 2887 kenntnissreicbe
701 2833 785 2901 allge-
837 2832 1027 2885 Reminiscens
1052 2833 1108 2885 und
1132 2831 1270 2885 vielleicbt
1292 2831 1322 2883 in
1342 2832 1402 2884 Er-

226 2901 315 2954 meine
333 2901 453 2968 Bildung
471 2902 576 2957 butten.
837 2900 976 2968 iuuerung
1000 2919 1035 2953 an
1057 2901 1142 2953 Verse
1163 2909 1274 2968 gesagt,
1293 2899 1337 2952 die
1354 2899 1403 2952 bei

262 2973 286 3022 3.
320 2972 462 3036 erelepans
476 2979 502 3021 et
513 2971 684 3038 persubtilis.
702 2969 785 3022 Prius
838 2968 935 3031 Quint.
953 2975 979 3038 9,
998 2975 1023 3033 3,
1043 2972 1075 3022 57
1093 2967 1197 3020 stebeu.

228 3036 261 3091 td
284 2987 400 3088 electum
424 3038 578 3100 verborum,
595 3037 732 3106 posterius
750 3037 784 3090 ed
871 3037 952 3089 Danu
984 3037 1057 3088 wire
1076 3038 1158 3104 jener
1185 3053 1202 3088 e
1229 3035 1294 3090 Iove
1320 3044 1401 3090 ortus

241 3103 421 3156 sacrationem
440 3105 481 3157 rei
498 3105 628 3174 pertinet.
651 3104 783 3158 Wunder.
837 3105 949 3168 Atreus,
972 3104 1022 3156 der
1048 3104 1077 3155 in
1105 3104 1154 3157 der
1180 3103 1402 3171 gleicbnsmigeu

259 3174 473 3240 ercamserta
496 3173 554 3224 also
574 3189 640 3224 nur:
668 3172 731 3224 weil
749 3173 784 3225 dn
838 3171 978 3253 Tragddie
998 3172 1044 3224 des
1070 3172 1164 3253 ditius
1182 3172 1258 3238 (geb.
1279 3173 1341 3252 1.⁷⁰)
1363 3189 1402 3224 sn

225 3245 338 3384 iiiiii.
351 3239 526 3424 {utilit
544 3240 785 3374 intulisti
837 3239 1237 3359 titinhl't‘clthlltti
1254 3241 1404 3358 diliis

226 3388 344 3439 massera,
383 3382 426 3426 est
444 3374 480 3425 dn
494 3373 583 3426 nicbts
594 3375 785 3441 vorgebrscbt.
837 3373 881 3425 bei
891 3375 948 3427 Cic.
958 3393 1008 3443 pro
1018 3376 1091 3430 Sest.
1102 3379 1144 3442 48,
1159 3379 1207 3427 102
1217 3392 1247 3427 so
1258 3375 1402 3427 leuteteu:

260 3443 284 3490 i.
306 3440 406 3494 aculei.
440 3441 480 3492 Im
509 3441 580 3509 plur.
611 3441 706 3508 bdufig
732 3460 786 3495 von
907 3470 939 3479 -
975 3441 1149 3508 Vigilindnm
1193 3449 1237 3494 est
1275 3459 1402 3522 semper:
1487 3463 1488 3474 ¹

225 3505 278 3556 den
301 3507 433 3574 Spltzen,
460 3507 510 3560 mit
533 3508 621 3560 denen
644 3509 687 3560 die
710 3509 785 3560 Rede
940 3508 1173 3562 mdltaeinsidise
1191 3513 1257 3562 srint
1273 3510 1364 3561 bonas.
1487 3557 1488 3572 ,

225 3589 312 3639 gegen
342 3573 494 3626 Jemanden
524 3575 674 3642 gewaffnet
704 3575 784 3631 wird.
906 3576 963 3628 Sed
980 3575 1053 3645 quod
1072 3577 1151 3628 multi
1168 3576 1403 3629 invideantmul-

224 3638 277 3720 ste·
293 3658 387 3720 wsreu
410 3642 469 3693 dem
494 3642 553 3694 cte.
577 3642 653 3695 niobt
670 3643 785 3710 ingrati,
940 3643 1016 3711 tique
1034 3649 1175 3714 expetant,
1194 3643 1306 3696 inscltia
1324 3652 1370 3696 est
1487 3685 1488 3714 3

225 3706 289 3758 werl
306 3725 346 3760 ere
363 3709 420 3760 lein
440 3709 496 3760 und
515 3708 805 3778 vollfloctachtung,
903 3710 1060 3771 Postulsre,
1081 3712 1134 3764 nisi
1152 3710 1271 3764 laborem
1290 3715 1405 3777 stimma
1487 3715 1488 3772 1

223 3774 269 3826 ihr
286 3774 334 3827 ibn
352 3792 456 3828 waren.
937 3795 998 3830 curn
1016 3795 1084 3831 cura
1103 3779 1215 3833 ecferas.
1487 3773 1488 3814 l

258 3846 282 3899 8.
303 3844 446 3908 Quaesisti
463 3864 487 3898 c.
518 3845 594 3898 Cass.
609 3847 716 3899 mccbtc
733 3847 786 3898 uui
835 3843 926 3912 Vergl.
939 3846 1071 3900 Ribbeck.
1090 3847 1175 3913 Trag.
1194 3845 1272 3899 Rom.
1292 3863 1319 3914 p.
1336 3849 1406 3900 138.

223 3910 400 3977 Bestecbung
422 3911 470 3963 der
487 3911 589 3966 Tribus
608 3914 780 3979 gescblossen
868 3918 908 3965 17.
935 3911 1033 3966 Cetera
1057 3913 1122 3966 oder
1144 3913 1283 3966 vielleicbt
1300 3913 1406 3965 Nostis

222 3977 327 4042 beben,
353 3978 416 4030 weil
437 3980 477 4032 sie
500 3981 579 4032 einen
600 3979 687 4032 Manu
712 3981 781 4034 ulter
834 3993 927 4033 cetere
945 3981 1027 4033 rribrt
1044 3981 1198 4034 voneinem
1212 3980 1409 4033 Abscbreiber
1487 3975 1488 4016 l

222 4044 372 4112 Nobilitas,
399 4047 452 4098 den
480 4047 558 4113 Lat,
585 4063 672 4114 gegeu
699 4047 781 4101 einen
834 4049 896 4113 ber,
918 4049 966 4100 der
988 4049 1045 4101 sich
1067 4049 1144 4102 seiae
1163 4049 1288 4115 Ausgabc
1305 4048 1408 4100 durch
1487 4067 1488 4092 ;

222 4109 344 4179 Nsuling
361 4113 449 4166 haben
468 4114 639 4167 durcbiallen
659 4115 758 4167 lassen.
832 4114 1408 4184 nglessungdesBelrennterenerleicb·

259 4183 297 4231 10.
325 4181 385 4246 Epo
408 4199 472 4234 uere
495 4183 538 4234 od.
557 4197 607 4248 ego
626 4187 717 4234 autern
737 4183 782 4247 (de
832 4190 894 4234 tern
926 4182 1027 4236 wollte.
1070 4184 1111 4235 Er
1142 4189 1237 4236 sarte
1263 4183 1323 4236 sich
1354 4183 1410 4236 die

224 4244 281 4296 Off.
299 4251 325 4312 2,
344 4253 369 4313 1,
387 4251 415 4312 3)
439 4248 518 4304 leitet
541 4248 585 4302 die
605 4250 735 4303 Antwort
754 4267 780 4308 u.
832 4250 1137 4313 Verse,wieuudersrro
1169 4267 1409 4318 engenausssgen

221 4309 414 4380 Entgegnung
440 4316 491 4367 suf
511 4316 573 4367 eine
597 4317 780 4387 Rebsnptung
833 4317 898 4370 oder
917 4318 1078 4371 Urkunden.
1121 4317 1218 4372 Cicero
1241 4317 1338 4372 citirte
1359 4321 1412 4372 sie
1487 4325 1488 4328 ’
