3014 4876
210 291 252 356 46
384 363 386 368 ,
517 285 521 298 ’
546 291 1037 346 PROGN.PLAN0100RAT10.

209 449 256 507 ius
278 447 314 518 Ο.
336 444 463 515 Metelli,
496 448 543 506 cui
572 463 638 505 cum
660 446 749 506 luerit
776 444 1004 524 probatissimus
1026 434 1251 526 hodieque'sit,
1281 453 1377 510 omui-

211 533 268 592 bus
302 549 367 592 esse
395 549 427 591 se
460 530 617 609 probatum
653 529 741 590 debet
773 547 903 610 sperare.
947 528 981 589 lu
1010 548 1044 590 ea
1076 535 1229 611 provincia
1262 532 1377 612 legatus

210 617 268 678 luit
296 617 327 678 C.
356 615 512 684 Sacerdos,
545 632 603 692 qua
635 616 755 684 virtute,
789 631 848 690 qua
883 617 1050 677 constantia
1077 617 1134 675 vir!
1178 615 1212 676 b.
1241 616 1375 686 Flaccus.

210 702 262 781 qui
282 700 381 770 bomo,
405 701 456 777 qui
471 699 555 760 civis!
579 699 629 778 qui
651 698 769 777 qualem
782 697 863 758 bunc
883 708 987 777 putent
1002 699 1178 768 adsiduitate
1192 704 1376 764 testimonio-

158 783 269 865 28que
303 782 464 845 declarant.
514 783 548 844 ln
570 783 742 844 Macedonia
775 783 914 844 tribunus
946 781 1073 844 militum
1103 786 1174 852 luit:
1207 789 1240 846 in
1273 788 1412 851 cedema

210 870 361 950 provincia
384 875 487 948 postea
515 875 664 945 quaestor.
710 869 841 928 Primum
863 867 1032 935 Macedonia
1055 869 1098 929 sic
1121 888 1187 931 eum
1211 869 1313 948 diligit,
1344 883 1376 932 ut

209 954 340 1016 iudicant
367 954 400 1014 hi
426 955 579 1030 principes
607 954 757 1014 civitatum
785 969 921 1019 suarum,
955 955 1006 1031 qui
1035 970 1101 1013 cum
1135 955 1220 1014 missi
1248 958 1308 1017 sint
1337 950 1375 1016 ob

210 1039 298 1100 aliam
321 1055 455 1106 causam,
484 1044 583 1098 tamen
612 1036 700 1097 huius
721 1039 878 1115 repentino
906 1036 1040 1115 periculo
1063 1041 1203 1099 commoti
1232 1039 1302 1100 huic
1324 1040 1375 1101 ad·

209 1123 323 1192 sident,
347 1141 402 1201 pru
423 1121 481 1181 hoc
502 1120 652 1189 laborant,
682 1121 751 1183 huic
773 1124 800 1184 ai
826 1129 945 1201 praesto
968 1122 1088 1191 luerint,
1118 1124 1229 1200 gratius
1250 1142 1284 1184 se
1305 1127 1375 1185 otvi-

209 1207 319 1268 tatibus
340 1209 402 1267 suis
435 1207 564 1266 lecturos
592 1213 698 1284 putant
719 1223 806 1284 quam
829 1208 854 1266 si
882 1204 1057 1284 legationem
1080 1223 1163 1268 suam
1186 1216 1216 1268 et
1238 1209 1432 1273 mandatam

209 1292 401 1353 confecerint.
446 1288 478 1350 L.
508 1308 578 1349 vero
606 1289 748 1369 Apuleius
775 1289 854 1350 hunc
882 1293 954 1350 tanti
983 1291 1063 1359 lacit.
1094 1300 1126 1352 ut
1152 1310 1265 1352 morem
1294 1291 1375 1354 illum

206 1367 369 1443 maiorum,
407 1376 457 1453 qui
489 1373 667 1452 praescribit
699 1377 729 1433 iu
773 1382 929 1452 pareutum
970 1373 1035 1436 loco
1071 1377 1279 1455 quaestoribus
1315 1381 1375 1438 suis

208 1470 362 1540 praetores
389 1477 454 1519 esse
489 1465 641 1538 oportere,
670 1459 774 1519 ciliciis
808 1455 1073 1538 benevolentiaque
1108 1464 1265 1540 superarit.
1310 1462 1374 1522 Tri·

209 1544 308 1606 buuus
330 1542 428 1624 plebis
449 1544 515 1612 fuit,
540 1562 605 1604 non
627 1546 756 1605 fortasse
778 1551 838 1604 tam
859 1542 1020 1604 vehemens
1049 1562 1137 1622 quam
1160 1546 1216 1615 isti,
1245 1565 1320 1624 quos
1342 1555 1375 1606 tu

208 1632 277 1689 iure
299 1628 408 1697 laudas,
432 1628 484 1688 sed
507 1636 590 1689 certe
612 1627 688 1697 talis,
712 1627 815 1705 quales
829 1629 854 1688 si
877 1645 981 1689 omnes
995 1646 1114 1712 semper
1133 1630 1266 1700 luissent,
1290 1625 1430 1693 uum-15
1494 1639 1495 1688 l

209 1729 298 1790 quam
320 1713 503 1790 desideratus
524 1713 682 1773 vehemens
704 1721 783 1774 esset
804 1712 953 1774 tribunus
1494 1705 1495 1724 ¹

158 1794 199 1858 29
294 1797 356 1858 Xll.
401 1797 511 1858 Omitto
539 1796 598 1867 illa,
635 1815 711 1877 quae
740 1800 764 1858 si
793 1799 891 1858 minus
918 1801 950 1857 iu
982 1814 1089 1858 scaena
1116 1807 1201 1865 suut.
1236 1809 1266 1860 at
1293 1808 1375 1860 certe

209 1901 277 1943 cum
306 1890 375 1944 sunt
407 1880 537 1960 prolata,
573 1881 745 1952 laudantur,
780 1891 814 1943 ut
840 1884 918 1943 vivat
939 1900 1006 1943 cum
1034 1884 1109 1951 suis,
1145 1885 1276 1961 primum
1306 1901 1374 1945 curu

207 1974 330 2047 parente
352 2001 395 2012 -
417 1985 484 2026 uam
521 1985 587 2026 meo
621 1966 732 2027 iudicio
770 1969 864 2046 pietas
900 1967 1125 2028 fundamentum
1161 1977 1206 2028 est
1243 1969 1375 2030 omnium
1494 2009 1495 2054 q

207 2053 348 2113 virtutum
371 2085 420 2121 -,
450 2068 537 2130 quem
565 2059 685 2111 veretur
707 2059 740 2112 ut
767 2051 855 2112 deum
880 2069 1038 2130 -neque
1067 2053 1146 2111 enim
1174 2051 1266 2112 multo
1288 2069 1375 2114 secus
1393 2065 1432 2114 20
1494 2057 1495 2084 l

208 2145 254 2196 est
282 2155 389 2214 pareus
411 2134 516 2196 liberis
538 2169 588 2203 —,
617 2143 696 2196 amat
722 2151 792 2195 vero
816 2144 848 2196 ut
875 2135 1021 2204 sodalem,
1050 2144 1083 2196 ut
1104 2136 1241 2205 iratrem,
1270 2146 1303 2198 ut
1325 2155 1375 2196 ae-
1494 2125 1495 2140 ¹

208 2219 333 2300 qualem.
379 2219 454 2290 Ouid
477 2219 572 2279 dicam
594 2237 662 2280 cum
683 2229 804 2298 patruo,
833 2238 900 2280 cum
922 2218 1070 2288 affinibus,
1098 2238 1165 2280 cum
1188 2223 1373 2301 propinquis,

208 2323 277 2365 cum
306 2305 360 2364 boc
383 2305 435 2364 Cu.
460 2303 635 2373 Saturnino,
665 2307 855 2365 ornatissimo
881 2305 962 2364 viro?
1007 2306 1092 2364 cuius
1114 2313 1253 2381 quantam
1280 2305 1374 2367 bono·

207 2393 251 2450 ris
277 2387 368 2450 huius
402 2388 593 2466 cupiditatem
620 2389 712 2449 luisse
739 2390 875 2456 creditis,
910 2405 977 2448 cnm
1011 2388 1118 2449 videtis
1146 2390 1242 2451 luctus
1277 2393 1373 2452 socie·

174 2537 177 2548 ,
208 2471 321 2535 tatem?
344 2472 480 2543 Quid-do
502 2490 548 2532 me
572 2473 686 2532 dicam?
715 2476 765 2552 qui
787 2473 862 2533 mibi
884 2475 915 2532 iu
946 2472 1036 2534 huius
1058 2475 1193 2553 periculo
1215 2492 1286 2536 reus
1308 2493 1374 2536 esse
1392 2487 1430 2535 25
1494 2495 1495 2504 ¹

207 2654 284 2707 diunt
311 2672 336 2712 u.
359 2657 497 2718 Quaestor
523 2655 570 2708 des
596 2655 634 2710 M.
659 2655 763 2736 Pupius
815 2659 848 2708 56
869 2664 946 2724 poert
967 2656 1016 2710 das
1038 2655 1169 2708 Prtdtcat
1190 2658 1241 2710 auf
1255 2657 1371 2714 Keiuen.

207 2723 272 2776 Piso
290 2739 423 2790 gourreau,
443 2723 492 2775 der
510 2739 534 2779 a.
552 2727 602 2776 685
620 2723 679 2790 (69)
697 2724 763 2775 uber
814 2723 876 2775 Wir
906 2723 1015 2776 kenneu
1047 2741 1101 2776 von
1137 2725 1229 2776 diesen
1259 2725 1313 2778 den
1341 2725 1373 2781 L.

207 2790 330 2872 Spanien
358 2791 546 2860 triumphirte‚
575 2791 652 2844 hatte
677 2808 708 2843 er
729 2793 762 2860 ‘in
815 2790 951 2856 Racilius,
980 2792 1060 2843 einen
1092 2792 1205 2845 Freund
1236 2791 1282 2846 des
1311 2794 1373 2849 Cos.

205 2857 265 2918 Cre.
284 2859 417 2911 Consulat
435 2859 474 2916 als
492 2859 611 2911 Praetor
628 2858 672 2910 die
684 2859 761 2912 Allo·
813 2859 963 2924 Lentulus,
990 2860 1042 2911 den
1067 2859 1204 2912 Antistius
1233 2860 1319 2914 Vetas
1346 2878 1374 2917 u.

205 2926 368 2994 brogischen
382 2925 541 2980 Gesandteu
560 2926 680 2983 arretirt.
706 2927 761 2980 Pro
813 2927 844 2984 P.
861 2927 985 2980 Rutilius
1002 2926 1108 2995 Lupus,
1126 2926 1230 2980 Feinde
1247 2928 1295 2981 des
1307 2927 1375 2981 cto-

205 2994 299 3047 Praet.
329 2995 489 3048 verwaltete
518 3012 547 3046 er
577 2993 691 3047 Cilicien
720 2995 760 3048 als
812 2994 885 3060 dius,
910 2995 962 3046 den
991 2996 1022 3051 G.
1045 2995 1115 3047 Cato
1140 3011 1166 3050 u.
1191 2996 1224 3050 C.
1248 2995 1371 3062 Cassius,

206 3061 345 3128 Bruuius,
375 3079 424 3115 aus
455 3061 572 3115 welcher
599 3062 656 3114 ihm
683 3064 765 3130 jener
815 3063 892 3114 beide
918 3063 965 3114 sur
987 3061 1109 3114 Clodius.
1144 3061 1303 3116 Laterensis
1328 3080 1374 3115 er-

206 3129 323 3182 Proteos
340 3131 473 3187 erwuohs.
508 3130 549 3182 Er
561 3129 656 3181 warde
674 3129 762 3182 indess
816 3129 911 3183 wihnt
936 3129 1045 3182 ireilich
1071 3135 1096 3194 ς.
1121 3132 1153 3182 ΙΙ
1176 3130 1223 3182 des
1240 3130 1372 3196 Racilius,

207 3198 438 3266 ireigesprochen.
814 3197 890 3250 lrann
913 3197 977 3249 aber
994 3196 1024 3248 in
1041 3197 1131 3249 rainer
1149 3197 1223 3250 Retio
1242 3199 1313 3250 auch
1329 3199 1375 3250 die

239 3270 264 3322 4.
282 3267 446 3318 adsiduitas
468 3265 536 3316 wird
555 3263 658 3316 erblart
674 3264 762 3316 durch
813 3264 977 3333 Tutttgkeit
1005 3265 1052 3316 des
1082 3263 1196 3332 rotigen
1225 3265 1371 3318 Tribunen

208 3330 256 3384 das
274 3337 298 3396 S.
317 3337 350 3385 28
367 3332 494 3400 folgende
511 3332 653 3398 adsident3
679 3349 707 3384 es
725 3333 763 3385 ist
813 3348 846 3398 ge
867 3333 956 3386 riesen
995 3332 1097 3396 haben,
1130 3349 1173 3384 um
1209 3333 1298 3385 durch
1329 3333 1374 3385 die

205 3397 249 3450 die
268 3400 458 3452 ansdauernde
475 3401 650 3468 Gegenwart.
813 3351 996 3468 §childeraug
1007 3400 1146 3452 darselbeu
1158 3399 1203 3452 die
1213 3400 1375 3454 Verdienste

240 3469 264 3519 5.
295 3469 329 3520 lu
358 3469 541 3534 Macedonio,
571 3467 656 3535 vergi.
686 3467 762 3522 Elui.
815 3467 862 3520 des
878 3467 921 3520 Pl.
940 3484 984 3520 aru
1004 3468 1060 3520 Cic.
1079 3468 1304 3522 herabnusetren.

205 3538 231 3594 S.
251 3537 275 3591 5.
850 3541 891 3591 17.
909 3538 940 3588 in
958 3536 1141 3588 acueuo=iu
1152 3545 1302 3605 conspectu
1316 3554 1374 3589 unr-

242 3607 280 3657 11.
326 3603 357 3653 L.
398 3603 534 3670 Apuleius
579 3605 763 3661 Saturninus.
817 3603 900 3656 nium.
943 3603 1000 3655 Der
1029 3604 1174 3656 Ausdruck
1199 3606 1237 3656 ist
1264 3603 1374 3673 spricla-

203 3669 291 3736 vergi.
309 3668 385 3721 Einl.
405 3675 429 3732 s.
448 3673 463 3722 5
482 3685 510 3723 n.
529 3685 564 3720 aa
583 3675 607 3734 S.
627 3674 668 3723 99.
814 3670 952 3723 wiirtlicb.
977 3670 1034 3723 Cic.
1054 3671 1088 3722 ad
1108 3670 1233 3736 Bruti,
1252 3676 1280 3724 9:
1308 3671 1373 3724 Tibi

243 3743 282 3790 12.
302 3736 499 3806 inperatricem
516 3739 583 3803 loco,
602 3738 689 3805 vergi.
702 3737 762 3792 niv.
816 3755 892 3790 nnnc
911 3739 1011 3808 populo
1030 3746 1197 3803 otmense,
1217 3738 1374 3802 utdicitur‚

205 3804 236 3856 in
256 3806 290 3868 Q.
310 3805 387 3858 caeo.
407 3809 448 3871 19,
466 3807 508 3860 61.
814 3805 988 3859 serviendum
1005 3815 1054 3864 est.
1076 3806 1110 3858 de
1124 3807 1172 3859 Or.
1187 3807 1238 3873 111,
1250 3813 1293 3874 40,
1308 3810 1372 3858 162:

243 3877 283 3926 14.
307 3890 390 3941 quam
414 3873 463 3924 isti
478 3870 541 3924 sind
558 3871 603 3923 die
620 3872 764 3924 Tribuneu
837 3874 939 3926 usuaria
963 3873 1106 3942 sphaeram
1129 3875 1158 3926 iu
1175 3891 1318 3940 scaenam,
1341 3887 1374 3925 ut

205 3941 252 3994 des
278 3941 376 3993 Jahres
405 3944 438 3994 b'i
477 3957 534 3992 voa
562 3938 649 3991 denen
677 3944 693 3991 8
718 3940 776 3992 itir-
844 3941 926 4007 citur-3
945 3941 1070 3993 attulerit
1087 3941 1206 3994 Ennius.
1229 3941 1371 3998 Hor.Sat.

207 4007 264 4066 Cic.
300 4025 401 4060 waren.
441 3979 533 4060 ilnter
562 4006 655 4060 diesen
686 4016 764 4074 passt
815 4013 950 4076 ⁶2,1‚tt=
980 4009 1055 4071 Quin
1079 4009 1124 4060 ubi
1145 4027 1175 4061 se
1197 4027 1213 4062 a
1237 4009 1319 4076 vulgo
1341 4017 1372 4062 et

206 4078 349 4130 vehemens
368 4077 418 4128 auf
431 4074 466 4127 Τ.
478 4074 547 4127 ΜὶΙο
563 4091 588 4132 u.
600 4073 630 4128 P.
645 4075 762 4141 Sestius,
814 4093 913 4128 scaena
929 4075 959 4127 in
971 4087 1076 4128 secreta
1087 4083 1229 4130 remorant
1240 4078 1330 4130 virtus
1341 4089 1373 4130 et

207 4144 270 4196 weil
295 4144 334 4197 sie
355 4143 442 4196 durch
459 4142 697 4211 Strasseukfampfe
718 4141 762 4195 die
813 4143 957 4208 sapientia.

207 4211 425 4278 Rficltbaruiung
462 4211 520 4264 Cic.
556 4211 759 4278 durobgesetnt.
849 4217 888 4264 19.
906 4214 996 4279 pietus
1019 4210 1079 4262 hier
1100 4209 1141 4264 als
1164 4211 1374 4266 fundamentum

206 4279 293 4347 vergi.
320 4279 394 4338 Eiul,
421 4283 446 4344 S.
474 4285 498 4332 2.
539 4277 600 4330 Vou
623 4279 675 4330 den
699 4277 764 4331 (lol-
817 4279 936 4346 omnium
962 4278 1112 4342 virtutum
1139 4282 1164 4342 5.
1188 4284 1221 4333 80
1243 4280 1374 4333 voluntas

207 4346 285 4414 legen
309 4347 355 4400 des
373 4345 503 4401 Plancius
526 4363 575 4400 ans
598 4347 657 4400 darn
679 4346 764 4398 Jahre
816 4357 898 4414 grata
915 4346 943 4397 in
961 4354 1098 4415 parentes.
