<?xml version="1.0" encoding="UTF-8"?>
<!DOCTYPE html PUBLIC "-//W3C//DTD XHTML 1.0 Transitional//EN"
    "http://www.w3.org/TR/xhtml1/DTD/xhtml1-transitional.dtd">
<html xmlns="http://www.w3.org/1999/xhtml" xml:lang="en" lang="en">
 <head>
  <title>
</title>
<meta http-equiv="Content-Type" content="text/html;charset=utf-8" />
  <meta name='ocr-system' content='tesseract 3.04.00' />
  <meta name='ocr-capabilities' content='ocr_page ocr_carea ocr_par ocr_line ocrx_word'/>
</head>
<body>
  <div class='ocr_page' id='page_1' title='image "./cicerosredefrcn00cicegoog_0116.png"; bbox 0 0 3014 4876; ppageno 0'>
   <div class='ocr_carea' id='block_1_1' title="bbox 545 328 1295 393">
    <p class='ocr_par' dir='ltr' id='par_1_1' title="bbox 545 328 1295 393">
     <span class='ocr_line' id='line_1_1' title="bbox 545 328 1295 393; baseline 0.007 -11"><span class='ocrx_word' id='word_1_1' title='bbox 545 329 622 382; x_wconf 77' lang='lat' dir='ltr'>CAP.</span> <span class='ocrx_word' id='word_1_2' title='bbox 636 332 678 382; x_wconf 78' lang='lat'><strong>42.</strong></span> <span class='ocrx_word' id='word_1_3' title='bbox 713 330 893 391; x_wconf 76' lang='lat'>§.101-104.</span> <span class='ocrx_word' id='word_1_4' title='bbox 1236 328 1295 393; x_wconf 79' lang='grc'><strong>107</strong></span> 
     </span>
    </p>
   </div>
   <div class='ocr_carea' id='block_1_2' title="bbox 85 480 1353 1392">
    <p class='ocr_par' dir='ltr' id='par_1_2' title="bbox 85 480 1353 1392">
     <span class='ocr_line' id='line_1_2' title="bbox 136 480 1300 564; baseline 0 -21"><span class='ocrx_word' id='word_1_5' title='bbox 136 499 194 560; x_wconf 91' lang='lat' dir='ltr'><strong>per</strong></span> <span class='ocrx_word' id='word_1_6' title='bbox 227 480 338 544; x_wconf 87' lang='lat' dir='ltr'><strong>liberos</strong></span> <span class='ocrx_word' id='word_1_7' title='bbox 366 492 494 553; x_wconf 78' lang='lat' dir='ltr'><strong>vestrm,</strong></span> <span class='ocrx_word' id='word_1_8' title='bbox 523 483 649 544; x_wconf 90' lang='lat' dir='ltr'><strong>inimicis</strong></span> <span class='ocrx_word' id='word_1_9' title='bbox 677 483 764 552; x_wconf 87' lang='lat' dir='ltr'><strong>meis,</strong></span> <span class='ocrx_word' id='word_1_10' title='bbox 793 483 831 544; x_wconf 95' lang='lat' dir='ltr'><strong>iis</strong></span> <span class='ocrx_word' id='word_1_11' title='bbox 857 485 1048 562; x_wconf 86' lang='lat' dir='ltr'><strong>praesertim,</strong></span> <span class='ocrx_word' id='word_1_12' title='bbox 1066 501 1146 564; x_wconf 71' lang='lat' dir='ltr'><strong>quos</strong></span> <span class='ocrx_word' id='word_1_13' title='bbox 1168 500 1223 562; x_wconf 85' lang='lat' dir='ltr'><strong>ego</strong></span> <span class='ocrx_word' id='word_1_14' title='bbox 1244 501 1300 563; x_wconf 93' lang='lat' dir='ltr'><strong>pro</strong></span> 
     </span>
     <span class='ocr_line' id='line_1_3' title="bbox 137 565 1300 648; baseline 0.003 -23"><span class='ocrx_word' id='word_1_15' title='bbox 137 575 236 628; x_wconf 86' lang='lat' dir='ltr'><strong>vestra</strong></span> <span class='ocrx_word' id='word_1_16' title='bbox 265 567 359 629; x_wconf 83' lang='lat' dir='ltr'><strong>salute</strong></span> <span class='ocrx_word' id='word_1_17' title='bbox 387 569 517 648; x_wconf 82' lang='lat' dir='ltr'><strong>suscepi,</strong></span> <span class='ocrx_word' id='word_1_18' title='bbox 553 566 624 629; x_wconf 87' lang='lat' dir='ltr'><strong>dare</strong></span> <span class='ocrx_word' id='word_1_19' title='bbox 652 565 793 630; x_wconf 81' lang='lat' dir='ltr'>laetitiam</span> <span class='ocrx_word' id='word_1_20' title='bbox 819 567 1018 646; x_wconf 82' lang='lat' dir='ltr'><strong>gloriantibus</strong></span> <span class='ocrx_word' id='word_1_21' title='bbox 1040 585 1091 629; x_wconf 92' lang='lat' dir='ltr'><strong>vos</strong></span> <span class='ocrx_word' id='word_1_22' title='bbox 1112 571 1172 630; x_wconf 90' lang='lat' dir='ltr'><strong>iam</strong></span> <span class='ocrx_word' id='word_1_23' title='bbox 1194 567 1300 629; x_wconf 90' lang='lat' dir='ltr'><strong>oblitos</strong></span> 
     </span>
     <span class='ocr_line' id='line_1_4' title="bbox 136 651 1299 730; baseline 0.002 -18"><span class='ocrx_word' id='word_1_24' title='bbox 136 653 198 712; x_wconf 90' lang='lat' dir='ltr'><strong>mei</strong></span> <span class='ocrx_word' id='word_1_25' title='bbox 220 651 323 715; x_wconf 86' lang='lat' dir='ltr'><strong>salutis</strong></span> <span class='ocrx_word' id='word_1_26' title='bbox 346 653 420 724; x_wconf 88' lang='lat' dir='ltr'><strong>eius,</strong></span> <span class='ocrx_word' id='word_1_27' title='bbox 443 671 459 714; x_wconf 91' lang='lat' dir='ltr'><strong>a</strong></span> <span class='ocrx_word' id='word_1_28' title='bbox 482 670 540 730; x_wconf 85' lang='lat' dir='ltr'><strong>quo</strong></span> <span class='ocrx_word' id='word_1_29' title='bbox 563 670 629 714; x_wconf 89' lang='lat' dir='ltr'><strong>mea</strong></span> <span class='ocrx_word' id='word_1_30' title='bbox 652 651 731 714; x_wconf 90' lang='lat' dir='ltr'><strong>salus</strong></span> <span class='ocrx_word' id='word_1_31' title='bbox 753 661 927 714; x_wconf 87' lang='lat' dir='ltr'><strong>conservata</strong></span> <span class='ocrx_word' id='word_1_32' title='bbox 944 661 996 723; x_wconf 87' lang='lat' dir='ltr'><strong>est,</strong></span> <span class='ocrx_word' id='word_1_33' title='bbox 1020 651 1121 714; x_wconf 90' lang='lat' dir='ltr'><strong>hostes</strong></span> <span class='ocrx_word' id='word_1_34' title='bbox 1137 655 1299 723; x_wconf 77' lang='lat' dir='ltr'><strong>exstitIsse;</strong></span> 
     </span>
     <span class='ocr_line' id='line_1_5' title="bbox 136 735 1300 800; baseline 0.003 -5"><span class='ocrx_word' id='word_1_35' title='bbox 136 737 230 799; x_wconf 88' lang='lat' dir='ltr'><strong>nolite</strong></span> <span class='ocrx_word' id='word_1_36' title='bbox 253 740 383 799; x_wconf 88' lang='lat' dir='ltr'><strong>animum</strong></span> <span class='ocrx_word' id='word_1_37' title='bbox 405 755 504 800; x_wconf 89' lang='lat' dir='ltr'><strong>meum</strong></span> <span class='ocrx_word' id='word_1_38' title='bbox 532 736 688 798; x_wconf 90' lang='lat' dir='ltr'><strong>debilitare</strong></span> <span class='ocrx_word' id='word_1_39' title='bbox 715 755 782 798; x_wconf 90' lang='lat' dir='ltr'><strong>cum</strong></span> <span class='ocrx_word' id='word_1_40' title='bbox 810 735 891 800; x_wconf 88' lang='lat' dir='ltr'><strong>luctu</strong></span> <span class='ocrx_word' id='word_1_41' title='bbox 922 746 984 799; x_wconf 90' lang='lat' dir='ltr'><strong>tum</strong></span> <span class='ocrx_word' id='word_1_42' title='bbox 1008 739 1097 798; x_wconf 88' lang='lat' dir='ltr'><strong>etiam</strong></span> <span class='ocrx_word' id='word_1_43' title='bbox 1117 743 1198 798; x_wconf 89' lang='lat' dir='ltr'><strong>metu</strong></span> <span class='ocrx_word' id='word_1_44' title='bbox 1220 757 1300 798; x_wconf 90' lang='lat' dir='ltr'><strong>com·</strong></span> 
     </span>
     <span class='ocr_line' id='line_1_6' title="bbox 101 821 1301 904; baseline 0.003 -24"><span class='ocrx_word' id='word_1_45' title='bbox 101 841 117 889; x_wconf 81' lang='lat'><strong>5</strong></span> <span class='ocrx_word' id='word_1_46' title='bbox 137 828 268 883; x_wconf 86' lang='lat' dir='ltr'><strong>mutatae</strong></span> <span class='ocrx_word' id='word_1_47' title='bbox 289 830 404 884; x_wconf 88' lang='lat' dir='ltr'><strong>vestrae</strong></span> <span class='ocrx_word' id='word_1_48' title='bbox 426 821 584 884; x_wconf 88' lang='lat' dir='ltr'><strong>voluntatis</strong></span> <span class='ocrx_word' id='word_1_49' title='bbox 606 839 675 900; x_wconf 79' lang='lat' dir='ltr'><strong>erga</strong></span> <span class='ocrx_word' id='word_1_50' title='bbox 697 839 760 892; x_wconf 90' lang='lat' dir='ltr'><strong>me;</strong></span> <span class='ocrx_word' id='word_1_51' title='bbox 794 822 881 883; x_wconf 91' lang='lat' dir='ltr'><strong>sinite</strong></span> <span class='ocrx_word' id='word_1_52' title='bbox 903 840 966 892; x_wconf 91' lang='lat' dir='ltr'><strong>me,</strong></span> <span class='ocrx_word' id='word_1_53' title='bbox 996 821 1075 904; x_wconf 89' lang='lat' dir='ltr'><strong>quod</strong></span> <span class='ocrx_word' id='word_1_54' title='bbox 1102 821 1185 882; x_wconf 87' lang='lat' dir='ltr'><strong>vobis</strong></span> <span class='ocrx_word' id='word_1_55' title='bbox 1208 822 1301 884; x_wconf 89' lang='lat' dir='ltr'><strong>iretus</strong></span> 
     </span>
     <span class='ocr_line' id='line_1_7' title="bbox 135 904 1353 987; baseline 0.005 -23"><span class='ocrx_word' id='word_1_56' title='bbox 135 904 207 967; x_wconf 91' lang='lat' dir='ltr'><strong>hnic</strong></span> <span class='ocrx_word' id='word_1_57' title='bbox 229 925 318 987; x_wconf 86' lang='lat' dir='ltr'><strong>saepe</strong></span> <span class='ocrx_word' id='word_1_58' title='bbox 339 907 479 985; x_wconf 84' lang='lat' dir='ltr'><strong>promisi,</strong></span> <span class='ocrx_word' id='word_1_59' title='bbox 507 906 537 968; x_wconf 91' lang='lat' dir='ltr'><strong>id</strong></span> <span class='ocrx_word' id='word_1_60' title='bbox 560 925 576 967; x_wconf 92' lang='lat' dir='ltr'><strong>a</strong></span> <span class='ocrx_word' id='word_1_61' title='bbox 599 906 683 968; x_wconf 88' lang='lat' dir='ltr'><strong>vobis</strong></span> <span class='ocrx_word' id='word_1_62' title='bbox 710 909 738 968; x_wconf 92' lang='lat' dir='ltr'><strong>ei</strong></span> <span class='ocrx_word' id='word_1_63' title='bbox 760 905 939 986; x_wconf 88' lang='lat' dir='ltr'><strong>persolvere.</strong></span> <span class='ocrx_word' id='word_1_64' title='bbox 984 905 1098 986; x_wconf 82' lang='lat' dir='ltr'>Teque,</span> <span class='ocrx_word' id='word_1_65' title='bbox 1122 905 1153 968; x_wconf 81' lang='lat' dir='ltr'><strong>C.</strong></span> <span class='ocrx_word' id='word_1_66' title='bbox 1177 904 1274 978; x_wconf 80' lang='lat' dir='ltr'>Flave,</span> <span class='ocrx_word' id='word_1_67' title='bbox 1290 906 1353 972; x_wconf 82' lang='lat'><strong>104</strong></span> 
     </span>
     <span class='ocr_line' id='line_1_8' title="bbox 136 989 1299 1071; baseline 0.001 -21"><span class='ocrx_word' id='word_1_68' title='bbox 136 1008 191 1051; x_wconf 90' lang='lat' dir='ltr'><strong>oro</strong></span> <span class='ocrx_word' id='word_1_69' title='bbox 215 999 244 1050; x_wconf 90' lang='lat' dir='ltr'><strong>et</strong></span> <span class='ocrx_word' id='word_1_70' title='bbox 266 991 405 1062; x_wconf 87' lang='lat' dir='ltr'><strong>obtestor,</strong></span> <span class='ocrx_word' id='word_1_71' title='bbox 429 991 481 1071; x_wconf 88' lang='lat' dir='ltr'><strong>qui</strong></span> <span class='ocrx_word' id='word_1_72' title='bbox 502 1009 635 1052; x_wconf 87' lang='lat' dir='ltr'><strong>meorum</strong></span> <span class='ocrx_word' id='word_1_73' title='bbox 659 989 849 1052; x_wconf 89' lang='lat' dir='ltr'><strong>consiliorum</strong></span> <span class='ocrx_word' id='word_1_74' title='bbox 872 993 904 1053; x_wconf 91' lang='lat' dir='ltr'><strong>in</strong></span> <span class='ocrx_word' id='word_1_75' title='bbox 920 990 1075 1053; x_wconf 77' lang='lat' dir='ltr'><strong>consulatu</strong></span> <span class='ocrx_word' id='word_1_76' title='bbox 1090 992 1196 1060; x_wconf 88' lang='lat' dir='ltr'><strong>socius,</strong></span> <span class='ocrx_word' id='word_1_77' title='bbox 1219 993 1299 1071; x_wconf 90' lang='lat' dir='ltr'><strong>peri·</strong></span> 
     </span>
     <span class='ocr_line' id='line_1_9' title="bbox 136 1073 1301 1158; baseline 0.001 -23"><span class='ocrx_word' id='word_1_78' title='bbox 136 1073 269 1136; x_wconf 89' lang='lat' dir='ltr'><strong>culorum</strong></span> <span class='ocrx_word' id='word_1_79' title='bbox 297 1078 459 1156; x_wconf 87' lang='lat' dir='ltr'><strong>particeps,</strong></span> <span class='ocrx_word' id='word_1_80' title='bbox 498 1094 601 1138; x_wconf 90' lang='lat' dir='ltr'><strong>rerum</strong></span> <span class='ocrx_word' id='word_1_81' title='bbox 638 1093 710 1154; x_wconf 86' lang='lat' dir='ltr'><strong>quas</strong></span> <span class='ocrx_word' id='word_1_82' title='bbox 736 1075 814 1154; x_wconf 84' lang='lat' dir='ltr'><strong>gessi</strong></span> <span class='ocrx_word' id='word_1_83' title='bbox 843 1074 959 1137; x_wconf 88' lang='lat' dir='ltr'><strong>adiutor</strong></span> <span class='ocrx_word' id='word_1_84' title='bbox 987 1077 1068 1137; x_wconf 88' lang='lat' dir='ltr'><strong>luisti</strong></span> <span class='ocrx_word' id='word_1_85' title='bbox 1100 1094 1208 1158; x_wconf 88' lang='lat' dir='ltr'><strong>meque</strong></span> <span class='ocrx_word' id='word_1_86' title='bbox 1241 1093 1301 1137; x_wconf 90' lang='lat' dir='ltr'><strong>nou</strong></span> 
     </span>
     <span class='ocr_line' id='line_1_10' title="bbox 136 1159 1300 1242; baseline 0.003 -23"><span class='ocrx_word' id='word_1_87' title='bbox 136 1159 225 1220; x_wconf 91' lang='lat' dir='ltr'><strong>modo</strong></span> <span class='ocrx_word' id='word_1_88' title='bbox 249 1161 359 1223; x_wconf 88' lang='lat' dir='ltr'><strong>salvum</strong></span> <span class='ocrx_word' id='word_1_89' title='bbox 381 1179 515 1242; x_wconf 84' lang='lat' dir='ltr'><strong>semper,</strong></span> <span class='ocrx_word' id='word_1_90' title='bbox 545 1159 596 1222; x_wconf 92' lang='lat' dir='ltr'><strong>sed</strong></span> <span class='ocrx_word' id='word_1_91' title='bbox 620 1162 709 1222; x_wconf 89' lang='lat' dir='ltr'><strong>etiam</strong></span> <span class='ocrx_word' id='word_1_92' title='bbox 732 1167 869 1223; x_wconf 89' lang='lat' dir='ltr'><strong>ornatum</strong></span> <span class='ocrx_word' id='word_1_93' title='bbox 891 1161 1107 1240; x_wconf 85' lang='lat' dir='ltr'><strong>llorentemque</strong></span> <span class='ocrx_word' id='word_1_94' title='bbox 1130 1179 1195 1222; x_wconf 89' lang='lat' dir='ltr'><strong>esse</strong></span> <span class='ocrx_word' id='word_1_95' title='bbox 1217 1159 1300 1222; x_wconf 66' lang='lat' dir='ltr'><strong>voluss</strong></span> 
     </span>
     <span class='ocr_line' id='line_1_11' title="bbox 85 1245 1301 1326; baseline 0.002 -22"><span class='ocrx_word' id='word_1_96' title='bbox 85 1263 117 1312; x_wconf 89' lang='lat'><strong>10</strong></span> <span class='ocrx_word' id='word_1_97' title='bbox 135 1245 200 1314; x_wconf 88' lang='lat' dir='ltr'><strong>isti,</strong></span> <span class='ocrx_word' id='word_1_98' title='bbox 231 1255 263 1307; x_wconf 94' lang='lat' dir='ltr'><strong>ut</strong></span> <span class='ocrx_word' id='word_1_99' title='bbox 289 1245 362 1307; x_wconf 90' lang='lat' dir='ltr'><strong>mihi</strong></span> <span class='ocrx_word' id='word_1_100' title='bbox 389 1263 444 1324; x_wconf 86' lang='lat' dir='ltr'><strong>per</strong></span> <span class='ocrx_word' id='word_1_101' title='bbox 470 1246 525 1306; x_wconf 91' lang='lat' dir='ltr'><strong>hos</strong></span> <span class='ocrx_word' id='word_1_102' title='bbox 554 1262 710 1307; x_wconf 88' lang='lat' dir='ltr'><strong>conserves</strong></span> <span class='ocrx_word' id='word_1_103' title='bbox 738 1263 822 1315; x_wconf 90' lang='lat' dir='ltr'><strong>eum,</strong></span> <span class='ocrx_word' id='word_1_104' title='bbox 852 1261 906 1325; x_wconf 86' lang='lat' dir='ltr'><strong>per</strong></span> <span class='ocrx_word' id='word_1_105' title='bbox 935 1261 1022 1326; x_wconf 90' lang='lat' dir='ltr'><strong>quem</strong></span> <span class='ocrx_word' id='word_1_106' title='bbox 1051 1264 1098 1307; x_wconf 90' lang='lat' dir='ltr'><strong>me</strong></span> <span class='ocrx_word' id='word_1_107' title='bbox 1125 1245 1181 1307; x_wconf 85' lang='lat' dir='ltr'><strong>tibi</strong></span> <span class='ocrx_word' id='word_1_108' title='bbox 1204 1252 1233 1306; x_wconf 93' lang='lat' dir='ltr'><strong>et</strong></span> <span class='ocrx_word' id='word_1_109' title='bbox 1254 1245 1301 1307; x_wconf 91' lang='lat' dir='ltr'><strong>his</strong></span> 
     </span>
     <span class='ocr_line' id='line_1_12' title="bbox 135 1328 1301 1392; baseline 0.002 -3"><span class='ocrx_word' id='word_1_110' title='bbox 135 1339 343 1392; x_wconf 85' lang='lat' dir='ltr'><strong>conservatum</strong></span> <span class='ocrx_word' id='word_1_111' title='bbox 369 1330 460 1392; x_wconf 90' lang='lat' dir='ltr'><strong>vides.</strong></span> <span class='ocrx_word' id='word_1_112' title='bbox 504 1328 593 1391; x_wconf 89' lang='lat' dir='ltr'><strong>Plura</strong></span> <span class='ocrx_word' id='word_1_113' title='bbox 622 1347 659 1390; x_wconf 92' lang='lat' dir='ltr'><strong>ne</strong></span> <span class='ocrx_word' id='word_1_114' title='bbox 687 1329 783 1391; x_wconf 89' lang='lat' dir='ltr'><strong>dicam</strong></span> <span class='ocrx_word' id='word_1_115' title='bbox 810 1340 881 1392; x_wconf 90' lang='lat' dir='ltr'><strong>tuae</strong></span> <span class='ocrx_word' id='word_1_116' title='bbox 903 1348 951 1391; x_wconf 90' lang='lat' dir='ltr'><strong>me</strong></span> <span class='ocrx_word' id='word_1_117' title='bbox 974 1333 1065 1392; x_wconf 84' lang='lat' dir='ltr'><strong>etiam</strong></span> <span class='ocrx_word' id='word_1_118' title='bbox 1085 1329 1224 1392; x_wconf 87' lang='lat' dir='ltr'><strong>lacrimae</strong></span> <span class='ocrx_word' id='word_1_119' title='bbox 1246 1332 1301 1391; x_wconf 89' lang='lat' dir='ltr'><strong>lm·</strong></span> 
     </span>
    </p>
   </div>
   <div class='ocr_carea' id='block_1_3' title="bbox 83 1412 1302 1750">
    <p class='ocr_par' dir='ltr' id='par_1_3' title="bbox 133 1412 1300 1495">
     <span class='ocr_line' id='line_1_13' title="bbox 133 1412 1300 1495; baseline -0.001 -21"><span class='ocrx_word' id='word_1_120' title='bbox 133 1413 261 1492; x_wconf 91' lang='lat' dir='ltr'><strong>pedlunt</strong></span> <span class='ocrx_word' id='word_1_121' title='bbox 280 1423 470 1494; x_wconf 89' lang='lat' dir='ltr'><strong>vestraeque,</strong></span> <span class='ocrx_word' id='word_1_122' title='bbox 502 1412 626 1485; x_wconf 91' lang='lat' dir='ltr'><strong>iudices,</strong></span> <span class='ocrx_word' id='word_1_123' title='bbox 655 1433 715 1476; x_wconf 92' lang='lat' dir='ltr'><strong>uon</strong></span> <span class='ocrx_word' id='word_1_124' title='bbox 738 1413 833 1476; x_wconf 90' lang='lat' dir='ltr'><strong>solum</strong></span> <span class='ocrx_word' id='word_1_125' title='bbox 855 1433 954 1485; x_wconf 88' lang='lat' dir='ltr'><strong>meae,</strong></span> <span class='ocrx_word' id='word_1_126' title='bbox 983 1414 1094 1495; x_wconf 88' lang='lat' dir='ltr'><strong>quibus</strong></span> <span class='ocrx_word' id='word_1_127' title='bbox 1117 1432 1171 1493; x_wconf 81' lang='lat' dir='ltr'><strong>ego</strong></span> <span class='ocrx_word' id='word_1_128' title='bbox 1194 1431 1300 1494; x_wconf 81' lang='lat' dir='ltr'><strong>magno</strong></span> 
     </span>
    </p>

    <p class='ocr_par' dir='ltr' id='par_1_4' title="bbox 132 1498 1301 1580">
     <span class='ocr_line' id='line_1_14' title="bbox 132 1498 1301 1580; baseline 0.001 -22"><span class='ocrx_word' id='word_1_129' title='bbox 132 1500 167 1558; x_wconf 92' lang='lat' dir='ltr'><strong>in</strong></span> <span class='ocrx_word' id='word_1_130' title='bbox 188 1506 268 1560; x_wconf 90' lang='lat' dir='ltr'><strong>metu</strong></span> <span class='ocrx_word' id='word_1_131' title='bbox 290 1516 357 1562; x_wconf 89' lang='lat' dir='ltr'><strong>meo</strong></span> <span class='ocrx_word' id='word_1_132' title='bbox 380 1499 478 1561; x_wconf 86' lang='lat' dir='ltr'><strong>subito</strong></span> <span class='ocrx_word' id='word_1_133' title='bbox 500 1498 626 1560; x_wconf 89' lang='lat' dir='ltr'><strong>inducor</strong></span> <span class='ocrx_word' id='word_1_134' title='bbox 648 1501 680 1560; x_wconf 93' lang='lat' dir='ltr'><strong>in</strong></span> <span class='ocrx_word' id='word_1_135' title='bbox 702 1517 802 1580; x_wconf 87' lang='lat' dir='ltr'><strong>spem,</strong></span> <span class='ocrx_word' id='word_1_136' title='bbox 832 1517 884 1560; x_wconf 92' lang='lat' dir='ltr'><strong>vos</strong></span> <span class='ocrx_word' id='word_1_137' title='bbox 907 1499 1025 1560; x_wconf 90' lang='lat' dir='ltr'><strong>eosdem</strong></span> <span class='ocrx_word' id='word_1_138' title='bbox 1048 1501 1079 1560; x_wconf 91' lang='lat' dir='ltr'><strong>in</strong></span> <span class='ocrx_word' id='word_1_139' title='bbox 1102 1499 1159 1560; x_wconf 91' lang='lat' dir='ltr'><strong>hoo</strong></span> <span class='ocrx_word' id='word_1_140' title='bbox 1181 1517 1301 1560; x_wconf 87' lang='lat' dir='ltr'><strong>conser-</strong></span> 
     </span>
    </p>

    <p class='ocr_par' dir='ltr' id='par_1_5' title="bbox 83 1582 1302 1750">
     <span class='ocr_line' id='line_1_15' title="bbox 132 1582 1302 1664; baseline 0.004 -25"><span class='ocrx_word' id='word_1_141' title='bbox 132 1582 231 1644; x_wconf 89' lang='lat' dir='ltr'><strong>vando</strong></span> <span class='ocrx_word' id='word_1_142' title='bbox 252 1583 379 1655; x_wconf 83' lang='lat' dir='ltr'><strong>futuros,</strong></span> <span class='ocrx_word' id='word_1_143' title='bbox 402 1585 453 1664; x_wconf 86' lang='lat' dir='ltr'><strong>qui</strong></span> <span class='ocrx_word' id='word_1_144' title='bbox 474 1584 591 1646; x_wconf 89' lang='lat' dir='ltr'><strong>lueritis</strong></span> <span class='ocrx_word' id='word_1_145' title='bbox 611 1585 642 1644; x_wconf 93' lang='lat' dir='ltr'><strong>iu</strong></span> <span class='ocrx_word' id='word_1_146' title='bbox 665 1603 722 1652; x_wconf 87' lang='lat' dir='ltr'><strong>me,</strong></span> <span class='ocrx_word' id='word_1_147' title='bbox 746 1585 885 1663; x_wconf 89' lang='lat' dir='ltr'><strong>quoniam</strong></span> <span class='ocrx_word' id='word_1_148' title='bbox 907 1584 971 1645; x_wconf 93' lang='lat' dir='ltr'><strong>istis</strong></span> <span class='ocrx_word' id='word_1_149' title='bbox 993 1585 1098 1646; x_wconf 89' lang='lat' dir='ltr'><strong>vestris</strong></span> <span class='ocrx_word' id='word_1_150' title='bbox 1119 1583 1250 1646; x_wconf 83' lang='lat' dir='ltr'><strong>lacrimis</strong></span> <span class='ocrx_word' id='word_1_151' title='bbox 1265 1583 1302 1644; x_wconf 95' lang='lat' dir='ltr'><strong>de</strong></span> 
     </span>
     <span class='ocr_line' id='line_1_16' title="bbox 83 1665 1122 1750; baseline 0.006 -24"><span class='ocrx_word' id='word_1_152' title='bbox 83 1685 114 1732; x_wconf 74' lang='grc' dir='ltr'><strong>ιιι</strong></span> <span class='ocrx_word' id='word_1_153' title='bbox 134 1665 195 1728; x_wconf 93' lang='lat' dir='ltr'><strong>illis</strong></span> <span class='ocrx_word' id='word_1_154' title='bbox 215 1667 368 1737; x_wconf 87' lang='lat' dir='ltr'><strong>recordor,</strong></span> <span class='ocrx_word' id='word_1_155' title='bbox 391 1686 463 1749; x_wconf 89' lang='lat' dir='ltr'><strong>quas</strong></span> <span class='ocrx_word' id='word_1_156' title='bbox 486 1687 541 1750; x_wconf 91' lang='lat' dir='ltr'><strong>pro</strong></span> <span class='ocrx_word' id='word_1_157' title='bbox 563 1687 610 1729; x_wconf 90' lang='lat' dir='ltr'><strong>me</strong></span> <span class='ocrx_word' id='word_1_158' title='bbox 632 1686 721 1748; x_wconf 86' lang='lat' dir='ltr'><strong>saepe</strong></span> <span class='ocrx_word' id='word_1_159' title='bbox 745 1677 773 1728; x_wconf 91' lang='lat' dir='ltr'><strong>et</strong></span> <span class='ocrx_word' id='word_1_160' title='bbox 796 1667 918 1728; x_wconf 89' lang='lat' dir='ltr'><strong>multum</strong></span> <span class='ocrx_word' id='word_1_161' title='bbox 940 1668 1122 1750; x_wconf 80' lang='lat' dir='ltr'><strong>profudistis.</strong></span> 
     </span>
    </p>
   </div>
   <div class='ocr_carea' id='block_1_4' title="bbox 133 1849 1415 3953">
    <p class='ocr_par' dir='ltr' id='par_1_6' title="bbox 133 1849 1415 3953">
     <span class='ocr_line' id='line_1_17' title="bbox 133 1849 1301 1920; baseline 0.001 -19"><span class='ocrx_word' id='word_1_162' title='bbox 133 1849 691 1920; x_wconf 81' lang='lat' dir='ltr'><strong>wirddaherinmetaphoriaclteruSinne,</strong></span> <span class='ocrx_word' id='word_1_163' title='bbox 744 1851 803 1903; x_wconf 74' lang='lat' dir='ltr'><strong>Ast.</strong></span> <span class='ocrx_word' id='word_1_164' title='bbox 831 1855 857 1916; x_wconf 84' lang='lat'><strong>5,</strong></span> <span class='ocrx_word' id='word_1_165' title='bbox 882 1855 923 1903; x_wconf 81' lang='lat'><strong>21.</strong></span> <span class='ocrx_word' id='word_1_166' title='bbox 951 1855 974 1914; x_wconf 89' lang='grc'><strong>7,</strong></span> <span class='ocrx_word' id='word_1_167' title='bbox 1003 1854 1043 1904; x_wconf 88' lang='lat'><strong>18.</strong></span> <span class='ocrx_word' id='word_1_168' title='bbox 1085 1849 1153 1903; x_wconf 86' lang='lat' dir='ltr'><strong>Hier</strong></span> <span class='ocrx_word' id='word_1_169' title='bbox 1179 1850 1301 1919; x_wconf 88' lang='lat' dir='ltr'><strong>tropisch</strong></span> 
     </span>
     <span class='ocr_line' id='line_1_18' title="bbox 133 1915 917 1984; baseline 0.001 -15"><span class='ocrx_word' id='word_1_170' title='bbox 133 1918 220 1970; x_wconf 88' lang='lat' dir='ltr'><strong>ueben</strong></span> <span class='ocrx_word' id='word_1_171' title='bbox 239 1917 365 1983; x_wconf 85' lang='lat' dir='ltr'><strong>effector,</strong></span> <span class='ocrx_word' id='word_1_172' title='bbox 390 1927 575 1984; x_wconf 85' lang='lat' dir='ltr'><strong>conservator,</strong></span> <span class='ocrx_word' id='word_1_173' title='bbox 593 1915 693 1971; x_wconf 80' lang='lat' dir='ltr'><strong>artifex</strong></span> <span class='ocrx_word' id='word_1_174' title='bbox 743 1917 797 1970; x_wconf 84' lang='lat' dir='ltr'><strong>wie</strong></span> <span class='ocrx_word' id='word_1_175' title='bbox 814 1922 839 1983; x_wconf 83' lang='lat'><strong>§.</strong></span> <span class='ocrx_word' id='word_1_176' title='bbox 860 1922 917 1971; x_wconf 89' lang='lat'>101.</span> 
     </span>
     <span class='ocr_line' id='line_1_19' title="bbox 133 1984 1300 2055; baseline -0.002 -17"><span class='ocrx_word' id='word_1_177' title='bbox 133 2002 162 2038; x_wconf 93' lang='lat' dir='ltr'><strong>u.</strong></span> <span class='ocrx_word' id='word_1_178' title='bbox 183 1985 213 2038; x_wconf 89' lang='lat' dir='ltr'><strong>iu</strong></span> <span class='ocrx_word' id='word_1_179' title='bbox 230 1986 320 2040; x_wconf 84' lang='lat' dir='ltr'><strong>femin.</strong></span> <span class='ocrx_word' id='word_1_180' title='bbox 343 1987 428 2038; x_wconf 87' lang='lat' dir='ltr'><strong>nebeu</strong></span> <span class='ocrx_word' id='word_1_181' title='bbox 449 1986 619 2055; x_wconf 81' lang='lat' dir='ltr'><strong>procreatrix</strong></span> <span class='ocrx_word' id='word_1_182' title='bbox 636 1985 692 2038; x_wconf 91' lang='lat' dir='ltr'><strong>und</strong></span> <span class='ocrx_word' id='word_1_183' title='bbox 778 1987 809 2040; x_wconf 80' lang='lat' dir='ltr'><strong>C.</strong></span> <span class='ocrx_word' id='word_1_184' title='bbox 828 1987 919 2053; x_wconf 82' lang='lat' dir='ltr'><strong>Alfius</strong></span> <span class='ocrx_word' id='word_1_185' title='bbox 937 1987 1050 2039; x_wconf 83' lang='lat' dir='ltr'><strong>Flauus.</strong></span> <span class='ocrx_word' id='word_1_186' title='bbox 1079 1984 1167 2053; x_wconf 82' lang='lat' dir='ltr'><strong>vergi.</strong></span> <span class='ocrx_word' id='word_1_187' title='bbox 1185 1984 1300 2037; x_wconf 83' lang='lat' dir='ltr'><strong>Einleit.</strong></span> 
     </span>
     <span class='ocr_line' id='line_1_20' title="bbox 133 2051 1301 2136; baseline -0.001 -30"><span class='ocrx_word' id='word_1_188' title='bbox 133 2052 277 2106; x_wconf 75' lang='lat' dir='ltr'><strong>educatrix</strong></span> <span class='ocrx_word' id='word_1_189' title='bbox 288 2055 448 2121; x_wconf 84' lang='lat' dir='ltr'><strong>gebraucht.</strong></span> <span class='ocrx_word' id='word_1_190' title='bbox 466 2063 547 2136; x_wconf 84' lang='lat' dir='ltr'><strong>pater</strong></span> <span class='ocrx_word' id='word_1_191' title='bbox 564 2053 693 2106; x_wconf 81' lang='lat' dir='ltr'><strong>bezeich·</strong></span> <span class='ocrx_word' id='word_1_192' title='bbox 743 2056 769 2118; x_wconf 71' lang='lat' dir='ltr'><strong>s.</strong></span> <span class='ocrx_word' id='word_1_193' title='bbox 788 2058 829 2106; x_wconf 80' lang='grc'><strong>27.</strong></span> <span class='ocrx_word' id='word_1_194' title='bbox 841 2071 891 2123; x_wconf 90' lang='lat' dir='ltr'><strong>pro</strong></span> <span class='ocrx_word' id='word_1_195' title='bbox 904 2052 947 2110; x_wconf 88' lang='grc' dir='ltr'><strong>ΡΙ,</strong></span> <span class='ocrx_word' id='word_1_196' title='bbox 961 2058 1003 2118; x_wconf 87' lang='grc'><strong>17,</strong></span> <span class='ocrx_word' id='word_1_197' title='bbox 1015 2059 1057 2109; x_wconf 87' lang='grc'><strong>43.</strong></span> <span class='ocrx_word' id='word_1_198' title='bbox 1081 2053 1122 2106; x_wconf 87' lang='lat' dir='ltr'><strong>Er</strong></span> <span class='ocrx_word' id='word_1_199' title='bbox 1133 2070 1193 2106; x_wconf 89' lang='lat' dir='ltr'><strong>war</strong></span> <span class='ocrx_word' id='word_1_200' title='bbox 1201 2051 1301 2105; x_wconf 75' lang='lat' dir='ltr'><strong>Vollm-</strong></span> 
     </span>
     <span class='ocr_line' id='line_1_21' title="bbox 137 2119 1300 2190; baseline 0 -17"><span class='ocrx_word' id='word_1_201' title='bbox 137 2129 187 2174; x_wconf 79' lang='lat' dir='ltr'><strong>aret</strong></span> <span class='ocrx_word' id='word_1_202' title='bbox 212 2121 260 2174; x_wconf 84' lang='lat' dir='ltr'><strong>das</strong></span> <span class='ocrx_word' id='word_1_203' title='bbox 283 2122 332 2176; x_wconf 89' lang='lat' dir='ltr'><strong>mit</strong></span> <span class='ocrx_word' id='word_1_204' title='bbox 353 2120 548 2190; x_wconf 77' lang='lat' dir='ltr'><strong>birgerlrcheu</strong></span> <span class='ocrx_word' id='word_1_205' title='bbox 570 2121 693 2174; x_wconf 84' lang='lat' dir='ltr'><strong>Rechten</strong></span> <span class='ocrx_word' id='word_1_206' title='bbox 744 2121 839 2173; x_wconf 88' lang='lat' dir='ltr'><strong>tribuu</strong></span> <span class='ocrx_word' id='word_1_207' title='bbox 869 2128 953 2174; x_wconf 80' lang='lat' dir='ltr'><strong>untes·</strong></span> <span class='ocrx_word' id='word_1_208' title='bbox 975 2121 1089 2174; x_wconf 79' lang='lat' dir='ltr'><strong>Caesare</strong></span> <span class='ocrx_word' id='word_1_209' title='bbox 1118 2119 1252 2173; x_wconf 80' lang='lat' dir='ltr'><strong>consulat</strong></span> <span class='ocrx_word' id='word_1_210' title='bbox 1274 2137 1300 2174; x_wconf 92' lang='lat' dir='ltr'><strong>a.</strong></span> 
     </span>
     <span class='ocr_line' id='line_1_22' title="bbox 134 2187 1301 2258; baseline -0.001 -17"><span class='ocrx_word' id='word_1_211' title='bbox 134 2188 325 2256; x_wconf 82' lang='lat' dir='ltr'><strong>ausgertistete</strong></span> <span class='ocrx_word' id='word_1_212' title='bbox 348 2189 643 2258; x_wconf 71' lang='lat' dir='ltr'><strong>liamilieuoberhaupt</strong></span> <span class='ocrx_word' id='word_1_213' title='bbox 666 2205 693 2241; x_wconf 88' lang='lat' dir='ltr'><strong>u.</strong></span> <span class='ocrx_word' id='word_1_214' title='bbox 745 2193 794 2242; x_wconf 79' lang='lat'><strong>695</strong></span> <span class='ocrx_word' id='word_1_215' title='bbox 808 2189 867 2256; x_wconf 82' lang='lat'>(59)</span> <span class='ocrx_word' id='word_1_216' title='bbox 879 2205 904 2240; x_wconf 93' lang='lat' dir='ltr'><strong>u.</strong></span> <span class='ocrx_word' id='word_1_217' title='bbox 920 2189 957 2241; x_wconf 86' lang='lat' dir='ltr'><strong>ist</strong></span> <span class='ocrx_word' id='word_1_218' title='bbox 970 2191 1039 2241; x_wconf 85' lang='lat' dir='ltr'><strong>nach</strong></span> <span class='ocrx_word' id='word_1_219' title='bbox 1052 2189 1112 2243; x_wconf 89' lang='lat' dir='ltr'><strong>dem</strong></span> <span class='ocrx_word' id='word_1_220' title='bbox 1125 2187 1301 2242; x_wconf 87' lang='lat' dir='ltr'><strong>Scholiasten</strong></span> 
     </span>
     <span class='ocr_line' id='line_1_23' title="bbox 134 2255 1415 2328; baseline -0.001 -20"><span class='ocrx_word' id='word_1_221' title='bbox 134 2256 211 2309; x_wconf 87' lang='lat' dir='ltr'><strong>steht</strong></span> <span class='ocrx_word' id='word_1_222' title='bbox 222 2256 422 2328; x_wconf 86' lang='lat' dir='ltr'><strong>metaphorisch</strong></span> <span class='ocrx_word' id='word_1_223' title='bbox 435 2275 498 2324; x_wconf 89' lang='lat' dir='ltr'><strong>nur,</strong></span> <span class='ocrx_word' id='word_1_224' title='bbox 510 2276 554 2311; x_wconf 82' lang='lat' dir='ltr'><strong>wo</strong></span> <span class='ocrx_word' id='word_1_225' title='bbox 565 2273 620 2310; x_wconf 84' lang='lat' dir='ltr'><strong>von</strong></span> <span class='ocrx_word' id='word_1_226' title='bbox 632 2256 691 2308; x_wconf 83' lang='lat' dir='ltr'><strong>deur</strong></span> <span class='ocrx_word' id='word_1_227' title='bbox 743 2256 791 2308; x_wconf 90' lang='lat' dir='ltr'><strong>der</strong></span> <span class='ocrx_word' id='word_1_228' title='bbox 808 2273 859 2326; x_wconf 91' lang='lat' dir='ltr'><strong>pro</strong></span> <span class='ocrx_word' id='word_1_229' title='bbox 877 2257 951 2310; x_wconf 80' lang='lat' dir='ltr'><strong>Sest.</strong></span> <span class='ocrx_word' id='word_1_230' title='bbox 969 2261 1010 2318; x_wconf 77' lang='lat'><strong>53,</strong></span> <span class='ocrx_word' id='word_1_231' title='bbox 1029 2261 1079 2310; x_wconf 82' lang='lat'><strong>114</strong></span> <span class='ocrx_word' id='word_1_232' title='bbox 1096 2256 1231 2325; x_wconf 83' lang='lat' dir='ltr'><strong>gemeinte</strong></span> <span class='ocrx_word' id='word_1_233' title='bbox 1251 2255 1300 2308; x_wconf 84' lang='lat' dir='ltr'><strong>Al·</strong></span> <span class='ocrx_word' id='word_1_234' title='bbox 1413 2319 1415 2324; x_wconf 19' lang='grc' dir='ltr'><strong><em>Δ</em></strong></span> 
     </span>
     <span class='ocr_line' id='line_1_24' title="bbox 134 2323 1302 2390; baseline -0.001 -14"><span class='ocrx_word' id='word_1_235' title='bbox 134 2323 199 2376; x_wconf 88' lang='lat' dir='ltr'><strong>Hau</strong></span> <span class='ocrx_word' id='word_1_236' title='bbox 221 2330 234 2376; x_wconf 89' lang='lat' dir='ltr'><strong>t</strong></span> <span class='ocrx_word' id='word_1_237' title='bbox 255 2325 332 2378; x_wconf 87' lang='lat' dir='ltr'><strong>einer</strong></span> <span class='ocrx_word' id='word_1_238' title='bbox 352 2325 455 2378; x_wconf 82' lang='lat' dir='ltr'><strong>Schule</strong></span> <span class='ocrx_word' id='word_1_239' title='bbox 481 2326 525 2379; x_wconf 91' lang='lat' dir='ltr'><strong>die</strong></span> <span class='ocrx_word' id='word_1_240' title='bbox 547 2325 622 2378; x_wconf 87' lang='lat' dir='ltr'><strong>Rede</strong></span> <span class='ocrx_word' id='word_1_241' title='bbox 645 2324 692 2390; x_wconf 85' lang='lat' dir='ltr'><strong>ist,</strong></span> <span class='ocrx_word' id='word_1_242' title='bbox 743 2333 835 2376; x_wconf 88' lang='lat' dir='ltr'><strong>ter-</strong></span> <span class='ocrx_word' id='word_1_243' title='bbox 854 2324 897 2377; x_wconf 86' lang='lat' dir='ltr'><strong>vir</strong></span> <span class='ocrx_word' id='word_1_244' title='bbox 914 2332 943 2377; x_wconf 90' lang='lat' dir='ltr'><strong>et</strong></span> <span class='ocrx_word' id='word_1_245' title='bbox 959 2324 1047 2378; x_wconf 84' lang='lat' dir='ltr'><strong>bouus</strong></span> <span class='ocrx_word' id='word_1_246' title='bbox 1066 2333 1095 2378; x_wconf 88' lang='lat' dir='ltr'><strong>et</strong></span> <span class='ocrx_word' id='word_1_247' title='bbox 1111 2323 1255 2390; x_wconf 84' lang='lat' dir='ltr'><strong>innocens,</strong></span> <span class='ocrx_word' id='word_1_248' title='bbox 1273 2331 1302 2376; x_wconf 89' lang='lat' dir='ltr'><strong>et</strong></span> 
     </span>
     <span class='ocr_line' id='line_1_25' title="bbox 135 2342 1302 2463; baseline 0 -21"><span class='ocrx_word' id='word_1_249' title='bbox 135 2342 238 2444; x_wconf 77' lang='lat' dir='ltr'><strong>welcle</strong></span> <span class='ocrx_word' id='word_1_250' title='bbox 266 2393 518 2460; x_wconf 82' lang='lat' dir='ltr'><strong>gewissermaasseu</strong></span> <span class='ocrx_word' id='word_1_251' title='bbox 548 2392 589 2446; x_wconf 88' lang='lat' dir='ltr'><strong>ala</strong></span> <span class='ocrx_word' id='word_1_252' title='bbox 617 2392 692 2445; x_wconf 80' lang='lat' dir='ltr'><strong>seius</strong></span> <span class='ocrx_word' id='word_1_253' title='bbox 742 2391 820 2444; x_wconf 84' lang='lat' dir='ltr'><strong>bonis</strong></span> <span class='ocrx_word' id='word_1_254' title='bbox 843 2391 909 2444; x_wconf 83' lang='lat' dir='ltr'><strong>viris</strong></span> <span class='ocrx_word' id='word_1_255' title='bbox 932 2409 1037 2460; x_wconf 84' lang='lat' dir='ltr'><strong>semper</strong></span> <span class='ocrx_word' id='word_1_256' title='bbox 1059 2391 1200 2463; x_wconf 91' lang='lat' dir='ltr'><strong>probatus.</strong></span> <span class='ocrx_word' id='word_1_257' title='bbox 1243 2391 1302 2443; x_wconf 94' lang='lat' dir='ltr'><strong>0b-</strong></span> 
     </span>
     <span class='ocr_line' id='line_1_26' title="bbox 135 2458 1301 2528; baseline 0 -18"><span class='ocrx_word' id='word_1_258' title='bbox 135 2458 241 2512; x_wconf 83' lang='lat' dir='ltr'><strong>familia</strong></span> <span class='ocrx_word' id='word_1_259' title='bbox 276 2462 431 2528; x_wconf 80' lang='lat' dir='ltr'><strong>angeaeheu</strong></span> <span class='ocrx_word' id='word_1_260' title='bbox 466 2461 577 2516; x_wconf 83' lang='lat' dir='ltr'><strong>werden</strong></span> <span class='ocrx_word' id='word_1_261' title='bbox 606 2461 691 2516; x_wconf 86' lang='lat' dir='ltr'><strong>kann.</strong></span> <span class='ocrx_word' id='word_1_262' title='bbox 743 2459 827 2512; x_wconf 86' lang='lat' dir='ltr'><strong>achon</strong></span> <span class='ocrx_word' id='word_1_263' title='bbox 851 2477 881 2512; x_wconf 88' lang='lat' dir='ltr'><strong>ar</strong></span> <span class='ocrx_word' id='word_1_264' title='bbox 900 2459 1015 2514; x_wconf 80' lang='lat' dir='ltr'><strong>Caesare</strong></span> <span class='ocrx_word' id='word_1_265' title='bbox 1040 2458 1301 2526; x_wconf 73' lang='lat' dir='ltr'><strong>Gesetzvorschlige</strong></span> 
     </span>
     <span class='ocr_line' id='line_1_27' title="bbox 136 2526 1301 2593; baseline -0.001 -14"><span class='ocrx_word' id='word_1_266' title='bbox 136 2527 239 2580; x_wconf 77' lang='lat' dir='ltr'><strong>Durum</strong></span> <span class='ocrx_word' id='word_1_267' title='bbox 275 2527 400 2581; x_wconf 75' lang='lat' dir='ltr'><strong>leonumen</strong></span> <span class='ocrx_word' id='word_1_268' title='bbox 429 2529 502 2583; x_wconf 87' lang='lat' dir='ltr'><strong>auch</strong></span> <span class='ocrx_word' id='word_1_269' title='bbox 531 2528 608 2581; x_wconf 90' lang='lat' dir='ltr'><strong>beide</strong></span> <span class='ocrx_word' id='word_1_270' title='bbox 638 2528 692 2580; x_wconf 90' lang='lat' dir='ltr'><strong>Be·</strong></span> <span class='ocrx_word' id='word_1_271' title='bbox 745 2528 945 2593; x_wconf 78' lang='lat' dir='ltr'><strong>unterstsnzte,</strong></span> <span class='ocrx_word' id='word_1_272' title='bbox 973 2529 1068 2581; x_wconf 76' lang='lat' dir='ltr'><strong>srurde</strong></span> <span class='ocrx_word' id='word_1_273' title='bbox 1095 2545 1125 2582; x_wconf 88' lang='lat' dir='ltr'><strong>er</strong></span> <span class='ocrx_word' id='word_1_274' title='bbox 1147 2526 1217 2580; x_wconf 90' lang='lat' dir='ltr'><strong>doch</strong></span> <span class='ocrx_word' id='word_1_275' title='bbox 1240 2543 1301 2578; x_wconf 83' lang='lat' dir='ltr'><strong>aum</strong></span> 
     </span>
     <span class='ocr_line' id='line_1_28' title="bbox 135 2595 1302 2664; baseline 0 -18"><span class='ocrx_word' id='word_1_276' title='bbox 135 2595 326 2662; x_wconf 80' lang='lat' dir='ltr'><strong>aeichuuugen</strong></span> <span class='ocrx_word' id='word_1_277' title='bbox 354 2596 440 2648; x_wconf 88' lang='lat' dir='ltr'><strong>ueben</strong></span> <span class='ocrx_word' id='word_1_278' title='bbox 472 2596 603 2650; x_wconf 87' lang='lat' dir='ltr'><strong>einander</strong></span> <span class='ocrx_word' id='word_1_279' title='bbox 631 2613 689 2650; x_wconf 85' lang='lat' dir='ltr'><strong>vor.</strong></span> <span class='ocrx_word' id='word_1_280' title='bbox 742 2597 851 2664; x_wconf 80' lang='lat' dir='ltr'><strong>Aerger</strong></span> <span class='ocrx_word' id='word_1_281' title='bbox 868 2595 984 2650; x_wconf 81' lang='lat' dir='ltr'><strong>Caesare</strong></span> <span class='ocrx_word' id='word_1_282' title='bbox 1002 2596 1047 2649; x_wconf 87' lang='lat' dir='ltr'><strong>bei</strong></span> <span class='ocrx_word' id='word_1_283' title='bbox 1064 2596 1112 2649; x_wconf 84' lang='lat' dir='ltr'><strong>der</strong></span> <span class='ocrx_word' id='word_1_284' title='bbox 1125 2595 1302 2660; x_wconf 83' lang='lat' dir='ltr'><strong>Bewerbung</strong></span> 
     </span>
     <span class='ocr_line' id='line_1_29' title="bbox 135 2661 1303 2730; baseline 0.002 -19"><span class='ocrx_word' id='word_1_285' title='bbox 135 2663 198 2714; x_wconf 87' lang='lat' dir='ltr'><strong>Wie</strong></span> <span class='ocrx_word' id='word_1_286' title='bbox 220 2663 318 2718; x_wconf 74' lang='lat' dir='ltr'><strong>Florus</strong></span> <span class='ocrx_word' id='word_1_287' title='bbox 340 2669 371 2728; x_wconf 85' lang='lat'><strong>3,</strong></span> <span class='ocrx_word' id='word_1_288' title='bbox 394 2668 426 2717; x_wconf 83' lang='lat' dir='ltr'><strong>ts</strong></span> <span class='ocrx_word' id='word_1_289' title='bbox 444 2664 488 2716; x_wconf 90' lang='lat' dir='ltr'><strong>die</strong></span> <span class='ocrx_word' id='word_1_290' title='bbox 503 2665 577 2717; x_wconf 85' lang='lat' dir='ltr'><strong>Urbs</strong></span> <span class='ocrx_word' id='word_1_291' title='bbox 595 2681 694 2730; x_wconf 83' lang='lat' dir='ltr'><strong>pareus</strong></span> <span class='ocrx_word' id='word_1_292' title='bbox 747 2680 792 2716; x_wconf 79' lang='lat' dir='ltr'><strong>utu</strong></span> <span class='ocrx_word' id='word_1_293' title='bbox 809 2663 853 2716; x_wconf 90' lang='lat' dir='ltr'><strong>die</strong></span> <span class='ocrx_word' id='word_1_294' title='bbox 865 2664 984 2718; x_wconf 86' lang='lat' dir='ltr'><strong>Praetur</strong></span> <span class='ocrx_word' id='word_1_295' title='bbox 1001 2664 1049 2718; x_wconf 83' lang='lat' dir='ltr'><strong>das</strong></span> <span class='ocrx_word' id='word_1_296' title='bbox 1067 2672 1138 2718; x_wconf 85' lang='lat' dir='ltr'><strong>erste</strong></span> <span class='ocrx_word' id='word_1_297' title='bbox 1147 2661 1205 2716; x_wconf 87' lang='lat' dir='ltr'><strong>Mal</strong></span> <span class='ocrx_word' id='word_1_298' title='bbox 1223 2662 1303 2714; x_wconf 79' lang='lat' dir='ltr'><strong>tiber·</strong></span> 
     </span>
     <span class='ocr_line' id='line_1_30' title="bbox 135 2730 1302 2800; baseline 0.002 -18"><span class='ocrx_word' id='word_1_299' title='bbox 135 2740 165 2782; x_wconf 87' lang='lat' dir='ltr'><strong>et</strong></span> <span class='ocrx_word' id='word_1_300' title='bbox 183 2739 270 2784; x_wconf 87' lang='lat' dir='ltr'><strong>mater</strong></span> <span class='ocrx_word' id='word_1_301' title='bbox 287 2731 385 2786; x_wconf 87' lang='lat' dir='ltr'><strong>Italiae</strong></span> <span class='ocrx_word' id='word_1_302' title='bbox 403 2740 499 2796; x_wconf 88' lang='lat' dir='ltr'><strong>neunt,</strong></span> <span class='ocrx_word' id='word_1_303' title='bbox 516 2750 546 2784; x_wconf 86' lang='lat' dir='ltr'><strong>so</strong></span> <span class='ocrx_word' id='word_1_304' title='bbox 565 2731 649 2784; x_wconf 86' lang='lat' dir='ltr'><strong>heisst</strong></span> <span class='ocrx_word' id='word_1_305' title='bbox 666 2749 694 2784; x_wconf 84' lang='lat' dir='ltr'><strong>es</strong></span> <span class='ocrx_word' id='word_1_306' title='bbox 746 2748 855 2799; x_wconf 83' lang='lat' dir='ltr'><strong>gangen</strong></span> <span class='ocrx_word' id='word_1_307' title='bbox 878 2731 921 2800; x_wconf 92' lang='lat' dir='ltr'><strong>(in</strong></span> <span class='ocrx_word' id='word_1_308' title='bbox 939 2733 1004 2786; x_wconf 85' lang='lat' dir='ltr'><strong>Vat.</strong></span> <span class='ocrx_word' id='word_1_309' title='bbox 1029 2738 1070 2800; x_wconf 87' lang='grc'><strong>16,</strong></span> <span class='ocrx_word' id='word_1_310' title='bbox 1093 2733 1151 2798; x_wconf 83' lang='grc'>38).</span> <span class='ocrx_word' id='word_1_311' title='bbox 1186 2730 1255 2782; x_wconf 84' lang='lat' dir='ltr'><strong>Erat</strong></span> <span class='ocrx_word' id='word_1_312' title='bbox 1276 2747 1302 2785; x_wconf 91' lang='lat' dir='ltr'><strong>a.</strong></span> 
     </span>
     <span class='ocr_line' id='line_1_31' title="bbox 136 2797 1301 2868; baseline 0.001 -19"><span class='ocrx_word' id='word_1_313' title='bbox 136 2798 182 2850; x_wconf 89' lang='lat' dir='ltr'><strong>bei</strong></span> <span class='ocrx_word' id='word_1_314' title='bbox 198 2798 259 2852; x_wconf 84' lang='lat' dir='ltr'><strong>Iuv.</strong></span> <span class='ocrx_word' id='word_1_315' title='bbox 277 2804 302 2861; x_wconf 84' lang='lat'><strong>8,</strong></span> <span class='ocrx_word' id='word_1_316' title='bbox 321 2804 383 2852; x_wconf 72' lang='lat'><strong>244:</strong></span> <span class='ocrx_word' id='word_1_317' title='bbox 407 2800 462 2854; x_wconf 83' lang='lat' dir='ltr'><strong>Sed</strong></span> <span class='ocrx_word' id='word_1_318' title='bbox 483 2800 570 2852; x_wconf 89' lang='lat' dir='ltr'><strong>Roma</strong></span> <span class='ocrx_word' id='word_1_319' title='bbox 593 2815 694 2868; x_wconf 88' lang='lat' dir='ltr'><strong>pareu—</strong></span> <span class='ocrx_word' id='word_1_320' title='bbox 746 2804 796 2853; x_wconf 89' lang='grc'><strong>700</strong></span> <span class='ocrx_word' id='word_1_321' title='bbox 814 2804 867 2864; x_wconf 80' lang='grc'>(54)</span> <span class='ocrx_word' id='word_1_322' title='bbox 886 2818 945 2852; x_wconf 87' lang='lat' dir='ltr'><strong>war</strong></span> <span class='ocrx_word' id='word_1_323' title='bbox 962 2817 992 2852; x_wconf 88' lang='lat' dir='ltr'><strong>er</strong></span> <span class='ocrx_word' id='word_1_324' title='bbox 1003 2800 1128 2854; x_wconf 89' lang='lat' dir='ltr'><strong>Praetor.</strong></span> <span class='ocrx_word' id='word_1_325' title='bbox 1146 2797 1196 2863; x_wconf 78' lang='lat' dir='ltr'><strong>(ad</strong></span> <span class='ocrx_word' id='word_1_326' title='bbox 1216 2798 1251 2861; x_wconf 81' lang='lat' dir='ltr'><strong>Q.</strong></span> <span class='ocrx_word' id='word_1_327' title='bbox 1265 2797 1301 2850; x_wconf 81' lang='lat' dir='ltr'><strong>fr.</strong></span> 
     </span>
     <span class='ocr_line' id='line_1_32' title="bbox 136 2863 1300 2937; baseline -0.001 -19"><span class='ocrx_word' id='word_1_328' title='bbox 136 2866 694 2937; x_wconf 82' lang='lat' dir='ltr'><strong>tem,ll&#39;omapatrerupatriaaCiceronem</strong></span> <span class='ocrx_word' id='word_1_329' title='bbox 747 2872 771 2934; x_wconf 89' lang='lat'><strong>1,</strong></span> <span class='ocrx_word' id='word_1_330' title='bbox 796 2872 820 2920; x_wconf 92' lang='grc'><strong>7.</strong></span> <span class='ocrx_word' id='word_1_331' title='bbox 846 2873 870 2926; x_wconf 86' lang='grc'><strong>3,</strong></span> <span class='ocrx_word' id='word_1_332' title='bbox 894 2867 934 2932; x_wconf 86' lang='grc'><strong>3.)</strong></span> <span class='ocrx_word' id='word_1_333' title='bbox 960 2896 991 2906; x_wconf 93' lang='grc'>-</span> <span class='ocrx_word' id='word_1_334' title='bbox 1009 2868 1072 2919; x_wconf 87' lang='lat' dir='ltr'><strong>Wie</strong></span> <span class='ocrx_word' id='word_1_335' title='bbox 1099 2885 1130 2919; x_wconf 89' lang='lat' dir='ltr'><strong>er</strong></span> <span class='ocrx_word' id='word_1_336' title='bbox 1158 2865 1211 2916; x_wconf 87' lang='lat' dir='ltr'><strong>den</strong></span> <span class='ocrx_word' id='word_1_337' title='bbox 1242 2863 1300 2917; x_wconf 83' lang='lat' dir='ltr'><strong>Cic.</strong></span> 
     </span>
     <span class='ocr_line' id='line_1_33' title="bbox 136 2933 1302 3002; baseline -0.002 -18"><span class='ocrx_word' id='word_1_338' title='bbox 136 2933 223 2988; x_wconf 88' lang='lat' dir='ltr'><strong>libera</strong></span> <span class='ocrx_word' id='word_1_339' title='bbox 244 2935 326 3000; x_wconf 88' lang='lat' dir='ltr'><strong>dixit,</strong></span> <span class='ocrx_word' id='word_1_340' title='bbox 354 2937 424 2988; x_wconf 87' lang='lat' dir='ltr'><strong>nach</strong></span> <span class='ocrx_word' id='word_1_341' title='bbox 447 2936 507 2990; x_wconf 84' lang='lat' dir='ltr'><strong>Cic.</strong></span> <span class='ocrx_word' id='word_1_342' title='bbox 532 2935 694 3002; x_wconf 79' lang='lat' dir='ltr'><strong>Auleitung‚</strong></span> <span class='ocrx_word' id='word_1_343' title='bbox 745 2933 877 2988; x_wconf 69' lang='lat' dir='ltr'><strong>wahreud</strong></span> <span class='ocrx_word' id='word_1_344' title='bbox 895 2933 1102 2988; x_wconf 85' lang='lat' dir='ltr'><strong>deaCousulats</strong></span> <span class='ocrx_word' id='word_1_345' title='bbox 1121 2935 1302 2997; x_wconf 72' lang='lat' dir='ltr'><strong>unterstiitat,</strong></span> 
     </span>
     <span class='ocr_line' id='line_1_34' title="bbox 139 3001 1279 3084; baseline 0.001 -31"><span class='ocrx_word' id='word_1_346' title='bbox 139 3001 189 3053; x_wconf 90' lang='lat' dir='ltr'><strong>der</strong></span> <span class='ocrx_word' id='word_1_347' title='bbox 204 3002 287 3056; x_wconf 84' lang='lat' dir='ltr'><strong>selbst</strong></span> <span class='ocrx_word' id='word_1_348' title='bbox 303 3002 368 3084; x_wconf 62' lang='lat' dir='ltr'><strong>pald</strong></span> <span class='ocrx_word' id='word_1_349' title='bbox 386 3002 426 3056; x_wconf 86' lang='lat' dir='ltr'><strong>als</strong></span> <span class='ocrx_word' id='word_1_350' title='bbox 443 3020 556 3084; x_wconf 84' lang='lat' dir='ltr'><strong>parens,</strong></span> <span class='ocrx_word' id='word_1_351' title='bbox 573 3001 637 3082; x_wconf 82' lang='lat' dir='ltr'><strong>bald</strong></span> <span class='ocrx_word' id='word_1_352' title='bbox 655 3002 695 3054; x_wconf 86' lang='lat' dir='ltr'><strong>als</strong></span> <span class='ocrx_word' id='word_1_353' title='bbox 745 3002 783 3055; x_wconf 82' lang='lat' dir='ltr'><strong>iat</strong></span> <span class='ocrx_word' id='word_1_354' title='bbox 800 3001 984 3083; x_wconf 44' lang='lat' dir='ltr'><strong>unbekannt·</strong></span> <span class='ocrx_word' id='word_1_355' title='bbox 1272 3064 1279 3080; x_wconf 49' lang='lat'><strong>·</strong></span> 
     </span>
     <span class='ocr_line' id='line_1_35' title="bbox 137 3071 1300 3208; baseline -0.002 -20"><span class='ocrx_word' id='word_1_356' title='bbox 137 3076 227 3204; x_wconf 71' lang='lat' dir='ltr'><strong>itit,</strong></span> <span class='ocrx_word' id='word_1_357' title='bbox 243 3071 694 3208; x_wconf 54' lang='lat' dir='ltr'><strong>itiitlttittttlti</strong></span> <span class='ocrx_word' id='word_1_358' title='bbox 745 3075 1300 3205; x_wconf 57' lang='lat' dir='ltr'><strong>mtiatirattttiini‘trai</strong></span> 
     </span>
     <span class='ocr_line' id='line_1_36' title="bbox 137 3203 1172 3259; baseline -0.001 -3"><span class='ocrx_word' id='word_1_359' title='bbox 137 3203 196 3256; x_wconf 86' lang='lat' dir='ltr'><strong>sich</strong></span> <span class='ocrx_word' id='word_1_360' title='bbox 219 3205 259 3259; x_wconf 85' lang='lat' dir='ltr'><strong>ala</strong></span> <span class='ocrx_word' id='word_1_361' title='bbox 283 3223 366 3259; x_wconf 85' lang='lat' dir='ltr'><strong>neuer</strong></span> <span class='ocrx_word' id='word_1_362' title='bbox 384 3206 513 3259; x_wconf 81' lang='lat' dir='ltr'><strong>Grtinder</strong></span> <span class='ocrx_word' id='word_1_363' title='bbox 530 3205 613 3258; x_wconf 84' lang='lat' dir='ltr'><strong>Roma</strong></span> <span class='ocrx_word' id='word_1_364' title='bbox 637 3204 694 3257; x_wconf 94' lang='lat' dir='ltr'><strong>uud</strong></span> <span class='ocrx_word' id='word_1_365' title='bbox 746 3205 882 3259; x_wconf 74' lang='lat' dir='ltr'><strong>Gaschicls</strong></span> <span class='ocrx_word' id='word_1_366' title='bbox 900 3204 946 3258; x_wconf 89' lang='lat' dir='ltr'><strong>des</strong></span> <span class='ocrx_word' id='word_1_367' title='bbox 964 3204 1015 3258; x_wconf 83' lang='lat' dir='ltr'><strong>Gn.</strong></span> <span class='ocrx_word' id='word_1_368' title='bbox 1034 3203 1172 3256; x_wconf 89' lang='lat' dir='ltr'><strong>Plancius.</strong></span> 
     </span>
     <span class='ocr_line' id='line_1_37' title="bbox 138 3271 1301 3340; baseline -0.003 -18"><span class='ocrx_word' id='word_1_369' title='bbox 138 3271 190 3324; x_wconf 90' lang='lat' dir='ltr'><strong>mit</strong></span> <span class='ocrx_word' id='word_1_370' title='bbox 206 3271 304 3326; x_wconf 84' lang='lat' dir='ltr'><strong>diesem</strong></span> <span class='ocrx_word' id='word_1_371' title='bbox 324 3273 363 3337; x_wconf 69' lang='lat' dir='ltr'><strong>ala</strong></span> <span class='ocrx_word' id='word_1_372' title='bbox 384 3274 436 3326; x_wconf 90' lang='lat' dir='ltr'><strong>den</strong></span> <span class='ocrx_word' id='word_1_373' title='bbox 456 3273 626 3337; x_wconf 86' lang='lat' dir='ltr'><strong>bezeichnet,</strong></span> <span class='ocrx_word' id='word_1_374' title='bbox 646 3273 694 3325; x_wconf 89' lang='lat' dir='ltr'><strong>der</strong></span> <span class='ocrx_word' id='word_1_375' title='bbox 779 3276 820 3329; x_wconf 79' lang='lat'><strong>15.</strong></span> <span class='ocrx_word' id='word_1_376' title='bbox 839 3290 921 3340; x_wconf 86' lang='lat' dir='ltr'><strong>saepe</strong></span> <span class='ocrx_word' id='word_1_377' title='bbox 938 3281 964 3326; x_wconf 82' lang='lat' dir='ltr'><strong>et</strong></span> <span class='ocrx_word' id='word_1_378' title='bbox 983 3274 1062 3325; x_wconf 84' lang='lat' dir='ltr'><strong>mult.</strong></span> <span class='ocrx_word' id='word_1_379' title='bbox 1096 3271 1167 3323; x_wconf 84' lang='lat' dir='ltr'><strong>Eine</strong></span> <span class='ocrx_word' id='word_1_380' title='bbox 1186 3272 1301 3324; x_wconf 84' lang='lat' dir='ltr'><strong>oftvor·</strong></span> 
     </span>
     <span class='ocr_line' id='line_1_38' title="bbox 138 3335 1302 3416; baseline -0.002 -26"><span class='ocrx_word' id='word_1_381' title='bbox 138 3355 174 3390; x_wconf 89' lang='lat' dir='ltr'><strong>an</strong></span> <span class='ocrx_word' id='word_1_382' title='bbox 200 3339 252 3394; x_wconf 86' lang='lat' dir='ltr'><strong>deu</strong></span> <span class='ocrx_word' id='word_1_383' title='bbox 279 3341 485 3410; x_wconf 86' lang='lat' dir='ltr'><strong>ungerathenen</strong></span> <span class='ocrx_word' id='word_1_384' title='bbox 508 3341 619 3394; x_wconf 79' lang='lat' dir='ltr'><strong>Silhuen</strong></span> <span class='ocrx_word' id='word_1_385' title='bbox 648 3340 693 3392; x_wconf 88' lang='lat' dir='ltr'><strong>dea</strong></span> <span class='ocrx_word' id='word_1_386' title='bbox 744 3335 1302 3416; x_wconf 77' lang='lat' dir='ltr'><strong>lummendeZusammanetellung3beide</strong></span> 
     </span>
     <span class='ocr_line' id='line_1_39' title="bbox 137 3403 1302 3477; baseline -0.002 -17"><span class='ocrx_word' id='word_1_387' title='bbox 137 3407 231 3460; x_wconf 75' lang='lat' dir='ltr'><strong>staats</strong></span> <span class='ocrx_word' id='word_1_388' title='bbox 253 3408 312 3462; x_wconf 85' lang='lat' dir='ltr'><strong>sein</strong></span> <span class='ocrx_word' id='word_1_389' title='bbox 335 3410 492 3464; x_wconf 82' lang='lat' dir='ltr'><strong>Hausreclat</strong></span> <span class='ocrx_word' id='word_1_390' title='bbox 519 3409 603 3477; x_wconf 78' lang='lat' dir='ltr'><strong>geribt</strong></span> <span class='ocrx_word' id='word_1_391' title='bbox 625 3407 694 3461; x_wconf 89' lang='lat' dir='ltr'><strong>habe</strong></span> <span class='ocrx_word' id='word_1_392' title='bbox 744 3407 855 3460; x_wconf 80' lang='lat' dir='ltr'><strong>Wdrter</strong></span> <span class='ocrx_word' id='word_1_393' title='bbox 882 3408 976 3460; x_wconf 85' lang='lat' dir='ltr'><strong>stehen</strong></span> <span class='ocrx_word' id='word_1_394' title='bbox 998 3407 1092 3474; x_wconf 78' lang='lat' dir='ltr'><strong>hiufig</strong></span> <span class='ocrx_word' id='word_1_395' title='bbox 1113 3407 1142 3459; x_wconf 91' lang='lat' dir='ltr'><strong>in</strong></span> <span class='ocrx_word' id='word_1_396' title='bbox 1165 3403 1302 3460; x_wconf 78' lang='lat' dir='ltr'><strong>verschie-</strong></span> 
     </span>
     <span class='ocr_line' id='line_1_40' title="bbox 138 3473 1301 3548; baseline 0.003 -22"><span class='ocrx_word' id='word_1_397' title='bbox 138 3473 181 3540; x_wconf 92' lang='lat' dir='ltr'><strong>(iu</strong></span> <span class='ocrx_word' id='word_1_398' title='bbox 198 3475 254 3530; x_wconf 85' lang='lat' dir='ltr'><strong>Pis.</strong></span> <span class='ocrx_word' id='word_1_399' title='bbox 273 3483 299 3544; x_wconf 83' lang='lat'><strong>3,</strong></span> <span class='ocrx_word' id='word_1_400' title='bbox 317 3483 342 3530; x_wconf 87' lang='grc'><strong>6.</strong></span> <span class='ocrx_word' id='word_1_401' title='bbox 361 3494 411 3548; x_wconf 90' lang='lat' dir='ltr'><strong>pro</strong></span> <span class='ocrx_word' id='word_1_402' title='bbox 429 3479 501 3531; x_wconf 84' lang='lat' dir='ltr'><strong>Sest.</strong></span> <span class='ocrx_word' id='word_1_403' title='bbox 520 3482 562 3544; x_wconf 77' lang='grc'><strong>57,</strong></span> <span class='ocrx_word' id='word_1_404' title='bbox 582 3477 654 3543; x_wconf 76' lang='lat'>121).</span> <span class='ocrx_word' id='word_1_405' title='bbox 744 3475 832 3528; x_wconf 89' lang='lat' dir='ltr'><strong>denen</strong></span> <span class='ocrx_word' id='word_1_406' title='bbox 849 3475 1105 3542; x_wconf 78' lang='lat' dir='ltr'><strong>Satabeziehungen</strong></span> <span class='ocrx_word' id='word_1_407' title='bbox 1122 3475 1176 3528; x_wconf 85' lang='lat' dir='ltr'><strong>wie</strong></span> <span class='ocrx_word' id='word_1_408' title='bbox 1193 3476 1251 3529; x_wconf 86' lang='lat' dir='ltr'><strong>Cic.</strong></span> <span class='ocrx_word' id='word_1_409' title='bbox 1269 3475 1301 3530; x_wconf 88' lang='lat' dir='ltr'><strong>de</strong></span> 
     </span>
     <span class='ocr_line' id='line_1_41' title="bbox 137 3543 1302 3678; baseline 0.003 -15"><span class='ocrx_word' id='word_1_410' title='bbox 137 3561 219 3676; x_wconf 63' lang='lat' dir='ltr'><strong>att</strong></span> <span class='ocrx_word' id='word_1_411' title='bbox 241 3546 608 3674; x_wconf 62' lang='lat' dir='ltr'><strong>1⁰⁸a⁸ioiim⁰iilt⁶⁰¹⁰</strong></span> <span class='ocrx_word' id='word_1_412' title='bbox 745 3543 1302 3678; x_wconf 56' lang='lat' dir='ltr'><strong>trientarium?littei</strong></span> 
     </span>
     <span class='ocr_line' id='line_1_42' title="bbox 171 3650 1302 3760; baseline 0.002 -30"><span class='ocrx_word' id='word_1_413' title='bbox 171 3682 195 3730; x_wconf 83' lang='grc'><strong>6.</strong></span> <span class='ocrx_word' id='word_1_414' title='bbox 225 3680 380 3748; x_wconf 82' lang='lat' dir='ltr'><strong>persolvere</strong></span> <span class='ocrx_word' id='word_1_415' title='bbox 408 3679 491 3732; x_wconf 91' lang='lat' dir='ltr'><strong>alicui</strong></span> <span class='ocrx_word' id='word_1_416' title='bbox 520 3658 629 3760; x_wconf 84' lang='lat' dir='ltr'><strong>aliquod</strong></span> <span class='ocrx_word' id='word_1_417' title='bbox 660 3681 693 3733; x_wconf 92' lang='lat' dir='ltr'><strong>ab</strong></span> <span class='ocrx_word' id='word_1_418' title='bbox 744 3696 774 3731; x_wconf 87' lang='lat' dir='ltr'><strong>ao</strong></span> <span class='ocrx_word' id='word_1_419' title='bbox 797 3650 922 3731; x_wconf 65' lang='lat' dir='ltr'><strong>auch’de</strong></span> <span class='ocrx_word' id='word_1_420' title='bbox 943 3678 1003 3732; x_wconf 81' lang='lat' dir='ltr'><strong>Inv.</strong></span> <span class='ocrx_word' id='word_1_421' title='bbox 1028 3684 1143 3746; x_wconf 81' lang='lat' dir='ltr'><strong>1‚1‚ia</strong></span> <span class='ocrx_word' id='word_1_422' title='bbox 1167 3681 1256 3750; x_wconf 81' lang='lat' dir='ltr'><strong>Saepe</strong></span> <span class='ocrx_word' id='word_1_423' title='bbox 1273 3651 1302 3732; x_wconf 72' lang='lat' dir='ltr'><strong>ei</strong></span> 
     </span>
     <span class='ocr_line' id='line_1_43' title="bbox 139 3744 1302 3816; baseline 0.003 -19"><span class='ocrx_word' id='word_1_424' title='bbox 139 3744 242 3814; x_wconf 85' lang='lat' dir='ltr'><strong>aliquo,</strong></span> <span class='ocrx_word' id='word_1_425' title='bbox 255 3745 320 3799; x_wconf 88' lang='lat' dir='ltr'><strong>oder</strong></span> <span class='ocrx_word' id='word_1_426' title='bbox 332 3747 404 3799; x_wconf 86' lang='lat' dir='ltr'><strong>auch</strong></span> <span class='ocrx_word' id='word_1_427' title='bbox 415 3747 529 3814; x_wconf 85' lang='lat' dir='ltr'><strong>solvere,</strong></span> <span class='ocrx_word' id='word_1_428' title='bbox 548 3748 694 3814; x_wconf 82' lang='lat' dir='ltr'><strong>ergentlich</strong></span> <span class='ocrx_word' id='word_1_429' title='bbox 745 3745 861 3800; x_wconf 86' lang='lat' dir='ltr'><strong>multum</strong></span> <span class='ocrx_word' id='word_1_430' title='bbox 884 3747 935 3799; x_wconf 89' lang='lat' dir='ltr'><strong>hoc</strong></span> <span class='ocrx_word' id='word_1_431' title='bbox 959 3764 1061 3800; x_wconf 85' lang='lat' dir='ltr'><strong>mecum</strong></span> <span class='ocrx_word' id='word_1_432' title='bbox 1085 3747 1219 3816; x_wconf 82' lang='lat' dir='ltr'><strong>cogitavi,</strong></span> <span class='ocrx_word' id='word_1_433' title='bbox 1238 3747 1302 3800; x_wconf 84' lang='lat' dir='ltr'><strong>oder</strong></span> 
     </span>
     <span class='ocr_line' id='line_1_44' title="bbox 138 3813 1301 3884; baseline 0.001 -19"><span class='ocrx_word' id='word_1_434' title='bbox 138 3813 236 3866; x_wconf 83' lang='lat' dir='ltr'><strong>Eineru</strong></span> <span class='ocrx_word' id='word_1_435' title='bbox 259 3820 345 3866; x_wconf 84' lang='lat' dir='ltr'><strong>etwas</strong></span> <span class='ocrx_word' id='word_1_436' title='bbox 368 3814 454 3866; x_wconf 86' lang='lat' dir='ltr'><strong>durch</strong></span> <span class='ocrx_word' id='word_1_437' title='bbox 471 3814 551 3866; x_wconf 87' lang='lat' dir='ltr'><strong>einen</strong></span> <span class='ocrx_word' id='word_1_438' title='bbox 569 3816 695 3868; x_wconf 88' lang='lat' dir='ltr'><strong>Wechael</strong></span> <span class='ocrx_word' id='word_1_439' title='bbox 746 3831 796 3884; x_wconf 93' lang='lat' dir='ltr'><strong>pro</strong></span> <span class='ocrx_word' id='word_1_440' title='bbox 824 3814 938 3878; x_wconf 81' lang='lat' dir='ltr'><strong>Quinct.</strong></span> <span class='ocrx_word' id='word_1_441' title='bbox 971 3821 996 3881; x_wconf 90' lang='lat'><strong>1,</strong></span> <span class='ocrx_word' id='word_1_442' title='bbox 1022 3822 1052 3870; x_wconf 77' lang='lat'><strong>32</strong></span> <span class='ocrx_word' id='word_1_443' title='bbox 1082 3816 1112 3868; x_wconf 92' lang='lat' dir='ltr'><strong>in</strong></span> <span class='ocrx_word' id='word_1_444' title='bbox 1139 3815 1189 3867; x_wconf 90' lang='lat' dir='ltr'><strong>hac</strong></span> <span class='ocrx_word' id='word_1_445' title='bbox 1219 3832 1301 3868; x_wconf 84' lang='lat' dir='ltr'><strong>causa</strong></span> 
     </span>
     <span class='ocr_line' id='line_1_45' title="bbox 139 3880 1155 3953; baseline 0 -20"><span class='ocrx_word' id='word_1_446' title='bbox 139 3882 190 3933; x_wconf 85' lang='lat' dir='ltr'><strong>aui</strong></span> <span class='ocrx_word' id='word_1_447' title='bbox 204 3882 284 3935; x_wconf 87' lang='lat' dir='ltr'><strong>einen</strong></span> <span class='ocrx_word' id='word_1_448' title='bbox 299 3880 411 3935; x_wconf 80' lang='lat' dir='ltr'><strong>Anderu</strong></span> <span class='ocrx_word' id='word_1_449' title='bbox 427 3881 567 3935; x_wconf 85' lang='lat' dir='ltr'><strong>bezahleu.</strong></span> <span class='ocrx_word' id='word_1_450' title='bbox 604 3884 641 3935; x_wconf 82' lang='lat' dir='ltr'><strong>So</strong></span> <span class='ocrx_word' id='word_1_451' title='bbox 660 3882 693 3934; x_wconf 90' lang='lat' dir='ltr'><strong>ad</strong></span> <span class='ocrx_word' id='word_1_452' title='bbox 745 3881 861 3937; x_wconf 88' lang='lat' dir='ltr'><strong>multum</strong></span> <span class='ocrx_word' id='word_1_453' title='bbox 879 3891 907 3935; x_wconf 87' lang='lat' dir='ltr'><strong>et</strong></span> <span class='ocrx_word' id='word_1_454' title='bbox 924 3900 1006 3953; x_wconf 87' lang='lat' dir='ltr'><strong>saepe</strong></span> <span class='ocrx_word' id='word_1_455' title='bbox 1024 3889 1155 3937; x_wconf 81' lang='lat' dir='ltr'><strong>versatus.</strong></span> 
     </span>
    </p>
   </div>
   <div class='ocr_carea' id='block_1_5' title="bbox 0 0 1521 4876">
    <p class='ocr_par' dir='ltr' id='par_1_7' title="bbox 0 0 1521 4876">
     <span class='ocr_line' id='line_1_46' title="bbox 0 0 1521 4876; baseline 0 0"><span class='ocrx_word' id='word_1_456' title='bbox 0 0 1521 4876; x_wconf 95' lang='lat' dir='ltr'><strong> </strong></span> 
     </span>
    </p>
   </div>
  </div>
 </body>
</html>
