3014 4876
227 278 269 342 96
565 275 638 325 PRO
657 275 712 328 GN.
730 271 888 324 PLANCIO
907 273 1052 324 ORATIO.

230 430 262 491 P.
278 430 377 510 Scipio
401 437 532 506 ceperat,
556 445 589 488 ea
613 426 658 487 Ti.
683 425 817 487 Graccho
844 426 1023 504 interempto
1051 426 1117 486 iure
1141 426 1251 502 optimo
1274 437 1390 504 sumpta

227 533 291 574 esse
320 513 469 573 defendit?
514 510 613 591 [Esset
640 512 731 588 igitur
758 508 947 588 pugnandum
977 526 1044 569 cum
1071 508 1269 588 consulibus]
1314 510 1391 570 Nihil

116 591 124 599 ’
224 599 292 660 dico
313 597 447 674 amplius,
472 597 527 656 nisi
550 594 637 656 iilud:
662 595 803 654 victoriae
831 600 950 652 nostrae
972 608 1076 667 graves
1099 593 1283 654 adversarios
1304 612 1391 672 para·

172 677 214 741 89
225 691 284 750 tos,
307 681 444 742 interitus
466 678 562 740 nuiios
585 697 650 742 esse
677 677 790 738 uitores
817 674 961 736 videbam.
1005 675 1092 736 Hisce
1123 695 1177 754 ego
1205 679 1323 744 auxiliis
1345 696 1391 738 sa·

224 765 294 826 iutis
316 783 400 825 meae
423 766 446 825 si
469 763 581 824 idciro
603 761 698 831 deiui,
721 763 789 841 quia
813 759 893 820 noiui
923 759 1080 829 dimicare,
1106 759 1235 830 fatebor,
1258 761 1288 821 id
1312 761 1428 838 quode

226 851 280 917 cis,
310 866 369 908 non
393 847 464 909 mihi
486 845 644 915 auxilium,
673 844 726 906 sed
748 863 796 905 me
819 843 928 904 auxilio
950 843 1093 913 defuisse;
1125 848 1308 913 sinautem,
1333 862 1392 922 quo

224 935 334 994 maiora
356 933 453 993 studia
475 933 505 992 in
529 949 576 991 me
599 930 745 990 honorum
768 930 898 996 suerunt,
922 927 979 986 hoc
1001 929 1037 988 iis
1058 931 1152 1005 magis
1174 929 1390 990 consulendum

224 1027 252 1077 et
275 1015 456 1095 parcendum
484 1015 597 1094 putavi,
627 1023 658 1074 tu
681 1014 710 1073 id
739 1014 769 1072 in
799 1029 846 1071 me
874 1011 1084 1090 reprehendis,
1113 1013 1191 1092 quod
1215 1011 1249 1084 Q.
1273 1011 1391 1073 Metello

224 1101 301 1162 leudi
335 1099 435 1160 dutum
467 1105 512 1159 est
543 1097 690 1175 hodieque
719 1105 762 1158 est
793 1103 823 1156 et
857 1112 976 1176 semper
1005 1098 1062 1155 erit
1089 1097 1235 1156 maximae
1263 1096 1391 1174 gloriae?

222 1203 325 1264 quem,
356 1193 390 1244 ut
411 1191 497 1260 potes
519 1201 555 1241 ex
578 1181 677 1242 multis
705 1179 821 1248 audire,
851 1180 984 1258 quitum
1014 1180 1178 1247 affuerunt,
1207 1182 1446 1242 censuum-10

224 1269 372 1329 virissimis
395 1269 464 1326 viris
488 1267 574 1325 honis
596 1267 737 1334 cessisse,
767 1279 823 1324 nec
844 1262 935 1324 inisse
958 1261 1081 1323 duhium
1105 1265 1176 1340 quin
1199 1265 1391 1325 contentione

226 1362 256 1412 et
271 1338 362 1412 armis
380 1350 518 1428 superior
532 1357 632 1428 posset
648 1366 721 1408 esse.
752 1347 830 1423 Ergo
846 1347 896 1406 iiie
912 1364 980 1407 cum
997 1365 1093 1415 suum,
1110 1365 1168 1407 nou
1185 1366 1253 1408 cum
1270 1355 1392 1408 senatus

223 1439 331 1496 t'actum
347 1433 531 1502 detenderet,
556 1450 623 1493 cum
640 1432 891 1507 perseverantium
906 1433 1069 1490 sententiae
1084 1449 1164 1499 suae,
1189 1450 1248 1491 non
1264 1430 1391 1492 seiutem

224 1522 267 1580 rei
282 1518 419 1597 puhlione
434 1519 617 1586 retinuisset,
641 1525 740 1576 temen
763 1513 801 1574 ob
825 1514 905 1574 illam
928 1532 1045 1573 causam
1069 1514 1148 1592 quod
1164 1514 1236 1574 iilud
1255 1515 1392 1575 voiunta-

224 1606 302 1664 rium
326 1601 431 1662 vulnus
453 1601 575 1680 accepit,
599 1601 780 1660 iustissimos
802 1601 933 1658 omnium
950 1597 1135 1658 hieteiiorum
1158 1607 1189 1658 et
1210 1600 1390 1659 clarissimos
1410 1605 1444 1654 15

224 1686 392 1766 triumphos
421 1684 515 1762 gioria
539 1691 568 1744 et
597 1682 683 1744 ioude
716 1683 883 1760 supererit,
918 1680 996 1760 quod
1025 1691 1055 1741 et
1082 1681 1148 1741 iiios
1176 1682 1256 1761 ipsos
1276 1685 1390 1762 impro-

220 1885 305 1936 schon
328 1901 358 1935 er
380 1882 423 1934 dic
445 1881 706 1948 Geretzvorschlige
731 1880 778 1932 des

221 1951 284 2004 Tib.
299 1950 440 2002 Gracchus
454 1948 641 2016 begunrtigce,
659 1946 779 2000 erkiirte

220 2036 250 2069 er
275 2018 319 2070 die
341 2017 436 2069 caedes
457 2016 504 2068 des
527 2015 589 2070 Tib.
615 2017 665 2069 Gr.
690 2013 777 2066 durch

221 2085 315 2153 Scipio
343 2084 446 2137 Nasica
468 2084 513 2136 hir
535 2083 596 2134 iure
618 2083 694 2135 iacta
712 2083 777 2149 (pro

221 2152 291 2204 dour.
316 2157 359 2216 34,
385 2155 430 2204 91:
457 2149 596 2218 Scipionis
615 2149 651 2205 N.
672 2149 777 2201 fuctum

220 2220 312 2272 statim
335 2219 367 2270 P.
386 2217 459 2270 Muc.
484 2215 595 2282 consui,
617 2216 665 2284 qui
682 2215 711 2267 in
729 2231 777 2282 ge-

220 2286 344 2338 rendere
358 2303 382 2354 p.
397 2285 549 2365 putabatur
561 2283 646 2335 tuisse
656 2281 778 2350 segnior,

221 2365 307 2473 itii
322 2349 776 2480 hiittt'ztiiittiiiiii

222 2488 269 2540 Aio
287 2486 369 2539 Pone.
380 2486 418 2538 Μ.
430 2486 564 2538 veriasste
581 2502 610 2536 er
627 2483 671 2536 die
688 2500 776 2535 anua-

221 2556 258 2607 ies
286 2553 406 2618 maximi,
437 2550 479 2603 die
505 2569 536 2604 ur
562 2551 721 2618 aniauglich
747 2549 776 2600 in

220 2622 320 2674 seinem
364 2620 457 2672 Hause
503 2635 552 2670 zur
598 2617 776 2684 aiigemeinen

220 2687 472 2740 Kenutuissnahme
483 2685 638 2752 uuistelite,
656 2702 679 2740 c.
689 2702 714 2738 a.
727 2688 776 2738 631

219 2756 267 2821 (de
287 2755 337 2807 Or.
356 2759 381 2820 2,
401 2758 442 2819 12,
461 2753 517 2818 52).
536 2780 570 2790 —-
587 2754 618 2804 Ρ.
631 2753 778 2804 Cornelius

219 2824 312 2890 Scipio
330 2821 436 2874 Nasica
454 2821 579 2888 Serapio,
608 2818 663 2886 vgi.
682 2835 716 2870 ιιι
734 2823 778 2882 21,

220 2895 261 2943 hl.
285 2888 356 2941 Phil.
373 2893 399 2954 8,
421 2893 446 2952 4,
467 2891 500 2942 14
516 2904 556 2955 rq.
584 2886 645 2938 Liv.
663 2886 717 2954 Ep.
735 2890 777 2938 55.

255 2979 277 3026 1.
297 2975 360 3024 iure
382 2979 450 3040 opt..
476 2972 563 3024 durch
588 2971 642 3025 alie
658 2970 776 3023 Rechts-

220 3041 282 3094 titel
299 3040 450 3106 geschirtzt.

254 3142 333 3176 urina
363 3131 474 3191 ceperat
502 3151 535 3160 -
564 3128 676 3188 sumptu
710 3137 776 3172 ease.

221 3207 296 3244 erma
314 3209 392 3258 cup,
411 3207 445 3242 zu
464 3189 516 3242 den
528 3190 639 3242 Waiien
657 3187 771 3254 greiien.

220 3275 286 3310 arm.
299 3275 378 3321 sum,
390 3256 554 3310 dieWaffen
567 3255 685 3320 wihieu,
699 3255 776 3306 nicht

217 3325 346 3377 ‘etwaden
358 3323 486 3389 hiisdem,
499 3323 550 3376 wie
562 3322 670 3376 exilium
681 3338 775 3390 sump-

219 3401 292 3444 serst
308 3409 360 3460 pro
378 3391 451 3444 Sest.
471 3396 513 3457 16,
531 3395 573 3445 st.

253 3480 279 3529 2.
298 3475 381 3526 Esset
398 3503 431 3512 -
448 3492 536 3541 pupn.
561 3473 614 3540 ogi.
633 3490 684 3542 pro
702 3473 774 3525 Sest.

221 3547 261 3605 19,
279 3546 324 3594 43:
349 3539 423 3603 Quid
444 3549 505 3596 erat
526 3540 566 3594 bis
584 3539 714 3594 vincere?
743 3539 776 3591 Id

240 3609 343 3660 rofectu
367 3616 412 3673 ut,
436 3624 498 3660 cum
522 3607 704 3662 amentissimo
724 3607 776 3658 tri·

219 3629 292 3728 iuno
311 3673 349 3744 pl.
369 3673 393 3728 si
410 3673 600 3740 decertassem,
618 3692 678 3726 cum
697 3674 773 3726 Coss.

219 3742 368 3863 ceteIrJispue
384 3741 443 3794 eius
463 3741 598 3860 uitopibus
610 3742 775 3860 {ifflffififfi

219 3841 252 3849 —
296 3828 353 3863 err
374 3826 421 3862 ens
447 3825 546 3862 musse
569 3827 598 3861 es
635 3826 666 3861 oc
704 3825 775 3860 mun-

217 3879 325 3932 destens
342 3825 440 3930 fiisset
458 3875 564 3928 heissen
583 3876 649 3928 oder
665 3868 734 3928 erat.

253 3969 278 4016 3.
295 3981 375 4028 prae.
395 3963 504 4014 advers.
530 3977 579 4012 ver
600 3959 684 4028 ipro
703 3961 774 4013 Sest.

220 4035 262 4096 19,
285 4034 328 4082 44.
366 4027 479 4081 Clodius
502 4033 537 4080 tr.
561 3975 599 4096 pi.
626 4027 681 4078 und
700 4027 776 4081 seins

219 4097 317 4154 Rotte,
345 4095 388 4151 die
410 4094 507 4147 beiden
530 4095 613 4147 Cous.
635 4093 699 4146 Piso
720 4094 776 4145 und

220 4163 356 4217 Gabinius
380 4180 405 4220 u.
423 4162 467 4214 die
485 4160 645 4215 Triumvirn
664 4160 777 4227 Caesar,

220 4231 364 4301 Pompeius
384 4247 409 4282 a.
429 4230 555 4284 Crassus.

252 4305 277 4351 4.
295 4300 388 4353 nuiios
406 4300 470 4363 uit,
488 4301 560 4351 deun
572 4299 660 4352 Seuat
674 4313 699 4351 u.
715 4295 777 4349 Rit-

830 1879 954 1932 terstand
974 1897 1066 1933 waren
1085 1878 1340 1946 eingeschr'ichtert3
1360 1899 1390 1934 es

829 1947 915 1999 fehite
943 1945 1027 1998 ihnen
1057 1946 1101 1998 die
1129 1946 1311 2000 Theiinahme
1340 1947 1391 2000 der

830 2013 964 2077 Cousuin,
982 2013 1058 2066 ihrer
1076 2013 1252 2066 ustririiuhen
1270 2015 1388 2068 Frihrer.

863 2101 887 2150 ὅ.
911 2097 989 2161 defui
1013 2097 1068 2149 und
1088 2102 1128 2149 14.
1147 2099 1311 2150 retinuisset
1327 2097 1388 2150 siud

828 2165 864 2216 im
899 2164 1053 2217 Deutscheu
1090 2181 1131 2216 um
1169 2164 1263 2217 hesten
1302 2164 1390 2217 durch
1483 2179 1484 2212 1

829 2232 889 2283 eine
905 2230 1030 2350 ''piam‘’
1041 2231 1144 2283 Phrsee
1155 2231 1389 2299 wiederuugeben.

830 2298 903 2366 „Die

828 2433 965 2502 Meiuung
995 2433 1072 2486 nicht
1101 2433 1267 2502 auigeben“.
1312 2433 1387 2486 Nuc-

828 2499 914 2566 geisb.
934 2519 962 2569 p.
982 2505 1041 2554 287.
1417 2501 1419 2504 ’

863 2589 888 2638 8.
914 2585 945 2650 Q.
968 2583 1100 2636 Metellus
1117 2583 1294 2636 Numidicus.
1331 2585 1389 2664 vgi.

829 2667 863 2702 ιιι
881 2655 925 2718 28,
944 2655 985 2703 69.
1004 2655 1046 2704 19.
1083 2649 1137 2702 Mit
1159 2651 1255 2703 dessen
1274 2650 1389 2702 ireiwri-

829 2717 900 2798 liger
923 2717 1112 2784 Verbannung
1138 2715 1215 2770 steiit
1237 2717 1294 2770 Cic.
1318 2734 1389 2786 geru

828 2802 922 2838 semen
944 2785 1078 2838 discessus
1096 2801 1265 2847 zusammen,
1288 2803 1318 2838 so
1335 2803 1388 2854 pro

829 2854 900 2906 Sosi.
919 2857 961 2912 16,
979 2857 1022 2907 37.
1039 2856 1082 2919 47,
1102 2856 1158 2906 101.
1178 2851 1207 2902 in
1221 2852 1278 2907 Pir.
1297 2857 1323 2918 9,
1342 2858 1388 2908 20.

830 2937 879 2988 pru
898 2919 976 2973 Baib.
994 2922 1021 2985 5,
1039 2925 1078 2971 ll.
1099 2919 1134 2970 ad
1153 2919 1235 2984 Fam,
1252 2925 1276 2987 1,
1295 2924 1319 2971 9.

863 3008 902 3055 10.
922 3010 954 3054 ut
971 3031 1005 3040 —
1023 3004 1133 3068 audire,
1151 3002 1224 3054 denn
1238 3002 1280 3054 die
1294 3003 1386 3056 Sache

828 3069 947 3189 peschah
975 3085 999 3124 a.
1022 3073 1073 3122 654
1090 3069 1180 3138 (1110),
1203 3070 1260 3122 uiso
1283 3087 1333 3123 vor
1354 3076 1388 3123 46

847 3137 941 3190 chron.

862 3226 902 3273 12.
921 3238 1012 3273 suam.
1049 3219 1113 3288 quia
1135 3219 1229 3273 iurare
1248 3221 1338 3274 noluit
1358 3221 1387 3272 iu

829 3288 914 3356 legem
932 3287 1088 3340 Saturnini.
1118 3287 1227 3341 Manat.

861 3363 949 3409 senat.
975 3357 1043 3422 fact.
1062 3357 1194 3407 -cuiut
1214 3355 1299 3422 reip.
1330 3353 1387 3408 cic.
1482 3351 1483 3356 ¹

827 3422 876 3475 hat
893 3421 983 3475 beider
1000 3420 1183 3488 verthuidigt3
1208 3421 1244 3474 ds
1261 3439 1292 3474 er
1310 3423 1386 3475 naim-

826 3489 882 3541 iich
916 3489 969 3540 auf
990 3489 1102 3542 Geheiss
1132 3489 1178 3542 des
1207 3490 1308 3542 Senatu
1344 3490 1388 3541 die

827 3554 1005 3610 Getiiinarier
1043 3555 1211 3609 hinrichtete
1246 3557 1304 3608 und
1339 3573 1388 3609 aus
1482 3569 1483 3607 t

826 3623 924 3675 diesem
955 3622 1069 3675 Grunde
1097 3641 1152 3676 von
1181 3622 1297 3676 Clodius
1326 3641 1389 3676 ver-

827 3690 929 3757 drsingt
952 3690 1063 3756 rvurde,
1085 3708 1114 3743 so
1134 3690 1228 3742 wrirde
1246 3708 1289 3756 er,
1315 3691 1390 3743 urire

827 3775 855 3810 es
888 3774 922 3810 ru
953 3758 1042 3810 sineru
1070 3757 1187 3827 Kempie
1217 3758 1389 3824 gekommcu,

828 3824 967 3878 natririich
999 3825 1044 3877 fiir
1070 3825 1132 3876 eine
1160 3824 1314 3890 Haudiung
1341 3824 1390 3877 des

827 3894 925 3946 Seuuts
959 3892 1129 3960 eingetretan
1162 3890 1222 3945 sein
1257 3893 1316 3944 und
1346 3892 1391 3944 dic

827 3959 988 4014 Wohiishrt
1012 3959 1059 4012 des
1082 3961 1193 4012 Stuates
1219 3959 1392 4026 sertheidigt

828 4027 930 4087 haben,
955 4026 1046 4080 indem
1068 4045 1098 4080 er
1115 4026 1159 4078 die
1178 4025 1321 4080 Auturittit
1339 4027 1391 4080 der

828 4096 946 4148 Geretae
963 4095 1090 4147 autrech't
1107 4093 1215 4146 erhislt.

864 4166 904 4214 14.
917 4163 1023 4214 uolunt.
1036 4163 1149 4215 uulnus.
1168 4161 1218 4212 uie
1230 4159 1395 4228 treiwiitige

828 4228 1028 4295 Verhauoung,
1046 4228 1080 4279 in·
1093 4228 1137 4280 die
1149 4227 1276 4280 Meteilus
1295 4227 1394 4296 gieug.

865 4299 905 4348 16.
941 4297 1106 4363 triumphos.
1153 4294 1204 4347 nie
1234 4294 1396 4365 Triumphe

953 2298 1014 2350 intel
1037 2315 1088 2350 cur
1106 2298 1231 2366 Rettung
1249 2299 1327 2351 nicht
1344 2300 1390 2351 be·
1483 2309 1484 2316 ’

830 2367 962 2429 nutzon“,
983 2365 1052 2432 „das
1066 2366 1225 2418 Festhulteu
1245 2383 1281 2419 an
1299 2365 1389 2418 seiner
1483 2377 1484 2385 ¹
